3144 4862
567 1163 685 1277 V‘ta
722 1164 952 1277 auctoris.

252 1529 347 1587 Natus
366 1545 429 1588 sum
445 1526 615 1586 Guilielmus
630 1528 737 1586 Paulus
752 1529 905 1600 Adelphos
921 1527 1065 1599 Georgius
1081 1527 1254 1586 Schoenfeld
1268 1545 1344 1588 anno

168 1617 196 1675 h.
220 1633 242 1675 s.
264 1613 333 1672 LXI
355 1613 451 1686 pridie
473 1614 539 1673 idus
561 1614 740 1674 Novembres
764 1614 938 1685 Tentscheli,
962 1613 1011 1685 qui
1038 1619 1082 1671 est
1104 1630 1196 1685 pagus
1216 1613 1345 1687 silesiae,

167 1706 252 1774 patre
274 1700 380 1770 Paulo,
406 1704 499 1758 matre
520 1699 645 1758 Aemilia
668 1717 684 1758 e
706 1704 792 1772 gente
813 1699 995 1770 Lachmann,
1024 1715 1096 1770 quos
1122 1698 1217 1757 adhuc
1244 1716 1345 1771 super·

169 1787 252 1846 stites
275 1802 339 1845 esse
361 1786 483 1857 gaudeo.
525 1784 628 1844 Fidem
650 1783 790 1857 profiteor
813 1785 1018 1857 evangelicam.
1051 1784 1158 1842 Primis
1180 1784 1346 1844 litterarum

169 1872 319 1931 elementis
345 1887 363 1929 a
385 1875 470 1943 patre
496 1869 648 1929 institutus
675 1887 749 1943 puer
776 1872 875 1930 decem
901 1887 1044 1929 annorum
1071 1870 1222 1944 gymnasio
1245 1868 1346 1942 Ligni·

170 1957 260 2016 aiensi
286 1957 431 2016 adductus
459 1973 534 2028 sum,
562 1957 640 2027 quod
666 1973 718 2030 per
745 1960 855 2028 septem
883 1957 1019 2030 deinceps
1042 1972 1134 2014 annos
1156 1954 1347 2027 frequentavi.

169 2041 352 2102 Maturitatis
374 2041 573 2102 testimonium
596 2042 719 2114 adeptus
741 2041 970 2102 Universitatem
992 2041 1157 2100 litterarum
1175 2041 1348 2100 Viadrinam

169 2128 427 2187 Vratislavienscm
453 2127 514 2186 adii
540 2144 617 2186 anuo
643 2128 671 2186 h.
695 2145 717 2185 s.
741 2126 876 2199 LXXIX,
902 2133 935 2185 ut
962 2126 1067 2186 studiis
1094 2126 1280 2198 philologieis
1302 2144 1348 2185 me

170 2215 314 2273 dederam.
349 2212 384 2271 In
402 2229 553 2272 numerum
573 2212 679 2270 civium
698 2213 931 2271 academicorum
949 2218 1083 2284 receptus
1102 2228 1158 2270 av.
1176 2215 1203 2272 d.
1218 2212 1347 2284 Spiegel-

170 2300 253 2372 berg,
286 2298 335 2371 qui
366 2304 428 2357 tum
458 2298 553 2358 fasces
580 2299 711 2369 tenebat,
744 2297 865 2356 interfui
891 2315 944 2371 per
971 2299 1029 2356 tria
1057 2298 1209 2373 semestria
1232 2298 1348 2368 scholis,

171 2401 243 2456 quas
269 2385 435 2444 habuerunt
460 2384 518 2442 viri
545 2383 708 2443 doctissimi
733 2383 865 2458 Dilthey,
891 2383 993 2455 Hertz,
1020 2382 1207 2454 Hillebrand,
1233 2383 1347 2454 Kaibel,

169 2470 306 2540 Partsch‚
333 2469 557 2540 Reifferscheid,
579 2468 742 2528 Rossbach.
781 2463 968 2529 Vratislavia
993 2469 1097 2527 relicta
1118 2469 1347 2528 Universitatem

170 2557 334 2615 litterarum
357 2552 539 2627 Lipsieusem
566 2554 650 2628 petii,
683 2571 747 2612 cum
773 2553 868 2614 fasces
894 2555 1014 2613 tenebat
1040 2552 1207 2613 Ludovious
1233 2554 1347 2627 Lange;

170 2643 209 2701 ad
235 2641 431 2700 valetudinem
461 2638 634 2699 firmandam
665 2657 718 2713 per
749 2656 856 2698 aunum
883 2639 982 2698 studia
1009 2639 1203 2698 intermittere
1230 2644 1348 2698 coactus
1406 2649 1409 2658 ’
1565 2695 1566 2716 ,

170 2726 276 2785 iterum
308 2727 338 2784 in
369 2742 520 2784 numerum
552 2725 657 2783 civium
689 2725 922 2784 academicorum
952 2732 1086 2797 receptus
1120 2742 1191 2783 sum.
1236 2725 1348 2784 scholis

171 2810 305 2882 interfui,
328 2827 400 2882 quas
423 2812 588 2871 habuerunt
609 2811 666 2870 viri
689 2811 853 2870 doctissimi
874 2827 900 2868 v.
922 2809 1053 2882 Bahdcr,
1077 2810 1208 2881 Curtius
1231 2810 1348 2881 Heinze,

170 2896 320 2967 Ecksteiu,
342 2896 535 2968 Hildebrand‚
557 2895 719 2969 Holzapfel,
742 2896 850 2969 Lange,
873 2896 1000 2968 Lipsius,
1023 2896 1165 2966 Ribbeck,
1184 2896 1348 2967 Strdmpell,

171 2982 272 3055 Wolff,
299 2981 442 3054 Zarnclre,
470 2982 564 3040 Ziller.
610 2982 725 3040 Sodalis
752 2981 796 3040 fui
822 2997 875 3055 per
898 2981 1059 3054 compluria
1082 2981 1233 3039 semestria
1257 2981 1349 3039 socie·

171 3073 265 3128 tatum
287 3066 394 3140 Laugii
421 3074 450 3126 et
472 3066 568 3139 Lipsii
591 3067 728 3126 seminari
751 3083 807 3138 que
828 3065 988 3138 germanici
1011 3065 1239 3125 extraordinarii
1261 3071 1350 3137 atque

172 3153 432 3212 exercitationibus
455 3153 576 3225 Geticis,
600 3168 671 3224 quas
694 3152 822 3210 instituit
844 3169 870 3212 v.
892 3151 1019 3224 Bahdcr,
1042 3149 1170 3211 interfui.

161 3313 167 3328 f
257 3238 398 3298 Omnibus
430 3239 476 3297 his
506 3237 748 3312 praeceptoribus
781 3237 853 3296 meis
885 3238 996 3310 gratias
1028 3253 1083 3310 ago
1116 3253 1203 3308 quam
1228 3253 1347 3309 possum

171 3341 321 3384 mammas.
