3144 4862
703 347 890 409 ..1-

210 518 310 578 Oelsus
332 519 494 592 aspritudo,
516 519 629 579 Plinius
651 518 746 578 maior
763 518 924 592 nigritudo,
947 521 1098 582 Vitruvius
1117 524 1268 594 salsitudo,
1286 523 1384 594 gravi·

207 605 288 676 tudo,
309 604 465 665 Petronius
488 602 651 666 scabitudo.
670 637 709 646 -
729 604 909 678 Simulatque
931 612 1028 666 autem
1047 607 1115 666 inde
1133 625 1151 667 a
1169 608 1291 670 Traiani
1309 613 1383 668 tem-

210 691 332 762 poribus
352 691 511 764 scriptores
529 697 642 751 veteres
661 707 769 750 aureae
786 691 893 751 aetatis
912 692 1106 765 scriptoribus
1124 695 1270 766 praeferri
1288 695 1385 768 coepti

207 782 283 848 sunt,
305 778 379 836 tales
391 778 652 837 substantivorum
670 775 869 848 formationes
892 795 967 850 quae
988 780 1177 852 perlongum
1195 785 1309 852 tempus
1329 781 1384 840 ob·

207 862 355 922 litteratae
381 868 477 936 erant,
508 863 651 935 repetitae
683 868 758 921 sunt.
803 862 865 935 lpsi
892 864 1020 923 Traiano
1052 865 1172 924 verbum
1203 866 1384 937 integritudo

208 948 352 1019 placuisse
375 949 576 1020 cognoscimus
599 967 635 1008 ex
653 949 715 1007 eius
738 950 876 1007 mandato
899 949 1006 1022 aliquo,
1030 952 1108 1022 quod
1126 951 1269 1023 Ulpianus
1292 952 1385 1012 tradi-

208 1035 259 1094 dit.
281 1033 350 1110 (dig.
375 1036 424 1105 29,
449 1038 475 1106 1,
496 1033 530 1111 1).
550 1067 589 1078 —
608 1035 800 1106 Frontonem,
824 1035 961 1108 Gellium,
984 1035 1140 1107 Apuleium
1161 1039 1271 1110 passim
1294 1037 1384 1098 verba

207 1120 306 1191 prisca
327 1119 510 1180 revocavisse
532 1121 589 1178 iam
613 1137 703 1193 supra
724 1119 832 1191 monui,
854 1120 886 1178 10
908 1121 1013 1192 quibus
1032 1121 1145 1182 Gellius
1167 1125 1288 1183 verbum
1310 1123 1383 1182 alias

205 1223 265 1264 non
286 1209 425 1264 testatum
447 1206 637 1267 ‘acerbitudo’
660 1205 783 1278 opponit
804 1206 893 1266 verbo
916 1207 1062 1267 acerbitas
1084 1206 1143 1284 (13,
1163 1209 1190 1279 3,
1211 1207 1383 1286 2101000-

205 1291 280 1350 leius
298 1290 414 1350 induxit
431 1292 582 1352 ambitudo
600 1293 678 1350 Asel.
697 1293 747 1351 31.
764 1292 917 1352 tristitudo
935 1297 1000 1352 met.
1020 1295 1047 1365 3,
1068 1295 1117 1352 11.
1136 1295 1212 1367 apol.
1231 1296 1281 1354 32.
1299 1312 1383 1366 aspe-

205 1377 304 1436 111010
327 1382 393 1436 001.
413 1380 441 1448 1,
459 1380 486 1436 2.
521 1377 699 1437 Posterioris
721 1377 878 1436 latinitatis
896 1383 965 1438 sunt
982 1379 1073 1438 verba
1091 1380 1245 1453 certitudo,
1264 1380 1383 1440 incerti·

205 1463 286 1534 tudo,
309 1455 457 1535 quietudo,
476 1463 656 1536 inquietudo,
675 1463 861 1534 disertitudo,
881 1463 1081 1536 dissertitudo,
1099 1466 1254 1538 rectitudo,
1273 1465 1384 1526 scabri-

205 1549 289 1619 tudo,
317 1548 528 1621 simplicitudo,
557 1549 731 1621 crispitudo,
755 1549 909 1622 angitudo,
931 1549 1071 1609 atritudo.
1095 1583 1134 1594 -
1158 1552 1270 1624 Quibus
1296 1552 1390 1610 rebus'

206 1633 359 1706 explicatis
382 1633 446 1692 iure
469 1652 521 1694 suo
544 1633 755 1694 Woelfflinium
778 1652 862 1694 usum
884 1635 1039 1695 verborum
1063 1637 1095 1694 10
1113 1638 1198 1697 -tudo
1218 1637 1385 1696 exeuntium

204 1719 362 1791 praecipue
379 1719 527 1780 veteribus
544 1721 709 1780 vindicasse
727 1722 831 1791 elucet;
851 1725 880 1780 et
897 1721 1014 1793 quidem
1031 1721 1225 1782 usitatissima
1241 1727 1384 1784 0001001-

204 1805 284 1863 moni
303 1805 414 1864 comico
432 1809 462 1864 et
480 1806 606 1878 tragico;
622 1808 721 1884 paullo
739 1805 835 1865 rarius
849 1806 1028 1867 adhibentur
1042 1824 1060 1865 0
1074 1807 1268 1880 scriptoribus
1282 1810 1385 1882 pedes·

208 1891 262 1948 tris
285 1891 438 1962 sermonis;
461 1897 647 1964 spernuntur,
670 1892 738 1964 quia
760 1893 921 1950 reicientur
944 1898 1072 1952 ametro
1091 1894 1244 1968 dactylico,
1266 1895 1303 1953 ab
1323 1895 1384 1967 epi·

210 1977 251 2034 cis
270 1980 299 2035 et
317 1976 455 2036 satiricis.
483 1978 623 2037 Cicerone
640 1977 745 2038 iuvene
763 1977 835 2037 satis
853 1976 1000 2050 frequenti
1015 1980 1045 2036 10
1056 1995 1116 2038 usu
1130 1979 1267 2040 videntur
1285 1978 1385 2052 fuisse,

209 2062 260 2120 sed
278 2063 346 2121 inde
363 2063 401 2122 ab
420 2063 470 2121 illo
483 2067 620 2135 conpore
637 2064 778 2136 paulatim
798 2063 939 2122 oblivioni
958 2066 1074 2136 dantur,
1091 2082 1109 2123 a
1127 2082 1184 2137 qua
1197 2066 1385 2125 vindicantur

209 2147 323 2206 demum
345 2149 382 2207 ab
406 2148 593 2221 antiquariis,
621 2149 703 2208 cuius
730 2148 774 2208 101
795 2148 888 2221 ipsius
912 2149 987 2210 Gelli
1012 2151 1094 2209 locus
1117 2152 1189 2210 00110
1212 2169 1318 2224 magno
1341 2157 1386 2210 est

208 2235 389 2292 documento.
434 2234 491 2306 Qui
517 2251 582 2293 curn
609 2234 751 2294 scriberet
771 2231 861 2311 (XIII.
881 2233 917 2311 dt
957 2233 1038 2294 ‘Risu
1059 2253 1180 2309 prorsus
1202 2242 1291 2309 atque
1312 2239 1382 2297 ludo

208 2336 255 2377 res
283 2320 373 2391 digna
399 2323 456 2390 001,
484 2335 547 2378 oum
575 2321 708 2393 plerique
730 2321 987 2392 grammaticorum
1010 2323 1197 2394 adseverant,
1225 2323 1351 2382 necessit
1372 2354 1383 2364 ·

208 2405 305 2463 dinem
328 2409 357 2462 et
379 2406 581 2464 necessitatem
603 2411 717 2465 mutare
738 2407 824 2476 longe
847 2406 1021 2478 differreque
1043 2407 1109 2468 ideo
1129 2407 1207 2478 quod
1225 2410 1383 2468 necessitas

136 2538 138 2543 .
209 2490 248 2548 sit
269 2490 314 2548 vis
342 2490 496 2562 quaepiam
517 2509 652 2563 premens
675 2496 704 2551 et
726 2507 845 2562 cogens,
872 2492 1056 2553 necessitudo
1080 2499 1176 2551 autem
1200 2493 1316 2552 dicatur
1338 2495 1383 2554 ius

208 2577 354 2646 quoddam
377 2580 406 2635 et
427 2576 574 2636 vinculum
595 2577 753 2650 religiosae
775 2577 988 2636 coniunctionis
1006 2579 1094 2650 idque
1112 2585 1200 2636 unum
1219 2579 1383 2638 solitarium

208 2660 360 2732 significet.
383 2695 422 2703 -
445 2662 509 2719 Hoc
532 2680 585 2734 ego
608 2664 714 2735 scripsi
737 2665 773 2723 de
790 2663 945 2735 utriusque
962 2664 1099 2724 vocabuli
1115 2665 1313 2724 indifferentia
1330 2666 1383 2725 ad-

207 2746 335 2808 monitus
361 2745 438 2806 forte
460 2748 544 2808 verbi
564 2749 650 2808 istius
674 2766 739 2807 0010
761 2749 886 2820 legerem
909 2750 1061 2822 Semproni
1082 2750 1249 2823 Asellionis,
1275 2753 1383 2811 veteris

208 2832 369 2904 scriptoris,
388 2838 523 2906 quartum
542 2852 577 2892 ex
594 2835 720 2893 historia
737 2834 844 2892 librum
860 2833 922 2909 (cir.
940 2836 1035 2893 locum
1053 2835 1320 2914 supralaudatum)‚’
1338 2837 1389 2898 10·Ι

208 2917 317 2976 dicavit
343 2919 464 2977 verbum
492 2920 676 2979 necessitudo
702 2937 805 2980 revera
831 2927 893 2979 tum
919 2921 1059 2992 temporis
1087 2921 1160 2979 nihil
1187 2921 1279 2980 ferme
1300 2921 1381 2982 aliud

206 3002 386 3074 significasse
408 3004 466 3063 nisi
488 3005 641 3065 ‘vinculum
664 3006 820 3078 religiosae
843 3006 1074 3065 coniunctionis'.
1111 3007 1243 3079 Quanam
1265 3008 1324 3066 alia
1347 3011 1383 3068 de

205 3105 294 3171 causa
315 3089 520 3160 grammaticos
539 3091 613 3164 illos,
636 3108 708 3162 quos
726 3091 812 3163 ridet,
834 3091 866 3152 id
883 3093 1069 3164 praecepisse
1090 3094 1282 3164 putabimus?
1312 3095 1380 3154 Gel-

202 3175 259 3232 lius
282 3176 444 3248 exemplum
472 3193 554 3235 suum
582 3194 613 3236 se
632 3178 772 3249 petivisse
798 3195 834 3236 ex
863 3178 1009 3250 scriptore
1030 3184 1151 3238 vetere
1173 3197 1232 3238 non
1255 3179 1313 3239 sibi
1336 3183 1381 3238 est

202 3278 344 3320 conscius.

287 3347 542 3408 Substantivorum
565 3347 596 3405 in
617 3350 677 3406 -tas
700 3347 894 3407 desinentium
918 3346 1160 3420 significationem
1179 3349 1290 3408 Gellius
1312 3351 1377 3408 loco

196 3434 322 3492 *laudato
345 3450 364 3490 a
386 3433 579 3493 substantivis
597 3433 628 3491 in
646 3436 732 3493 ·tudo
750 3432 914 3492 terminatis
934 3434 1050 3492 omnino
1074 3451 1133 3494 000
1152 3433 1269 3493 differre
1286 3436 1378 3495 tradi-

203 3519 254 3589 dit,
277 3534 451 3590 quamquam
474 3519 533 3577 alio
554 3520 619 3580 loco
641 3517 702 3595 (11,
725 3521 752 3590 2,
777 3517 827 3595 19)
847 3520 938 3579 10110
961 3521 1128 3579 sanctitudo
1150 3520 1291 3579 maiorem
1314 3520 1378 3591 dig-

201 3605 323 3663 nitatem
342 3604 455 3676 tribuit,
479 3621 565 3676 quam
582 3605 680 3664 verbis
699 3604 840 3663 sanctitas
859 3610 888 3663 et
906 3605 1108 3664 sanctimonia.
1144 3606 1220 3666 Gelli
1237 3607 1378 3677 tempori-

201 3691 257 3748 bus
280 3692 358 3763 quod
380 3691 478 3749 verbis
503 3691 533 3749 in
554 3692 640 3750 ·tudo
659 3692 752 3750 maior
771 3691 912 3762 quaedam
932 3690 1060 3763 dignitas
1078 3691 1286 3763 subiciebatur,
1304 3692 1378 3750 nihil

202 3775 269 3833 miri
286 3775 384 3846 habet,
404 3776 541 3847 quoniam
559 3777 657 3836 verbis
681 3777 785 3849 priscis
804 3777 897 3835 maius
915 3779 1030 3849 pondus
1043 3777 1194 3848 maiorque
1207 3775 1297 3836 ferme
1311 3777 1375 3850 dig·-

201 3861 278 3919 nitas
301 3862 389 3932 inest;
412 3861 470 3919 alia
491 3879 538 3921 res
561 3867 619 3934 est,
640 3879 709 3921 0010
731 3861 819 3920 etiam
841 3863 920 3935 apud
941 3863 1022 3934 ipsos
1044 3866 1156 3922 veteres
1179 3862 1251 3921 haec
1273 3865 1377 3923 verbo·

200 3963 265 4004 rum
289 3947 453 4006 differentia
475 3947 607 4007 valuerit.
650 3949 690 4007 Et
711 3948 759 4006 hic
781 3947 857 4008 Gelli
879 3947 1019 4008 indicium
1046 3948 1239 4020 comprobare
1261 3949 1377 4010 videtur
1398 3982 1401 3986 ·
1513 3961 1521 3977 ·

200 4049 270 4091 usus
293 4050 394 4092 eorum
415 4033 572 4093 verborum
594 4035 673 4106 apud
696 4034 825 4106 tragicos
847 4032 1108 4106 frequentissimus
1143 4033 1219 4094 Nam
1241 4036 1298 4094 etsi
1314 4036 1376 4107 01οὲ

199 4135 307 4190 rosque
325 4136 426 4177 eornm
444 4136 554 4190 versus,
578 4120 683 4191 quibus
701 4119 844 4178 vocabula
861 4119 913 4178 illa
931 4119 1125 4191 continentur,
1143 4119 1180 4180 iis
1198 4121 1270 4194 ipsis
1288 4137 1375 4182 voca·

200 4202 277 4262 bulis
310 4204 461 4276 debemus,
494 4205 630 4276 quoniam
662 4205 845 4276 grammatici
876 4205 1091 4264 studiosissime
1121 4223 1156 4265 ea
1186 4207 1374 4278 indagabant,

200 4287 298 4348 temen
324 4307 461 4349 numerus
488 4307 588 4349 eorum
614 4292 783 4362 verborum,
815 4306 889 4361 quae
910 4290 990 4362 apud
1011 4289 1141 4363 tragicos
1164 4293 1242 4352 solos
1265 4296 1374 4364 extant,
1405 4309 1412 4318 ·

200 4375 295 4437 maior
312 4380 364 4447 est,
388 4381 474 4448 quani
496 4376 575 4449 apud
596 4377 686 4436 ullum
705 4377 794 4436 alium
816 4377 997 4448 scriptorem.
