3144 4862
270 472 313 532 tio
335 471 368 546 (ι
392 471 450 548 31).
492 473 537 532 De
563 473 691 534 sititetis
718 474 849 534 moribus
878 474 979 532 eodem
1005 471 1068 532 iere
1094 474 1180 533 modo
1203 447 1360 534 Sallustius
1391 452 1482 534 dis

270 559 415 631 putavit
406 576 437 617 m
459 558 603 631 Iugurtha
623 559 658 635 (ι.
680 559 823 634 41-43),
846 576 903 633 quo
922 557 952 616 in
970 558 1097 618 Catilina
1113 559 1146 634 (ι.
1166 562 1207 619 10
1224 560 1302 634 ιιι..)
1337 540 1484 664 Egres

271 644 383 708 sionem
414 646 538 717 deniqne
569 647 605 705 de
630 645 778 704 Philaenis
809 645 951 704 fratribus
980 643 1014 719 (c.
1039 642 1088 720 79)
1114 650 1143 702 et
1168 644 1257 703 Marii
1284 630 1484 704 orationem

272 730 420 802 copiosam
451 731 485 806 (ι.
507 729 629 806 85)ιιι
603 731 720 791 ttulissc
751 735 797 790 sat
798 731 823 789 is
784 731 1022 790 t.-habec
1049 730 1085 788 In
1111 730 1244 790 historiis
1269 731 1454 803 principium
1484 720 1485 738 ¹

271 817 422 888 eiusmodi,
449 818 528 889 qnod
555 821 600 876 est
626 818 655 875 in
682 816 766 878 libris
793 816 970 886 minoribus,
995 815 1171 888 requirimus
1181 813 1213 894 1);
1240 816 1343 889 incipit
1372 817 1454 875 enim
1485 810 1486 831 ¹

272 901 440 961 Sallustius:
471 903 538 962 ‘Res
563 903 667 975 populi
688 903 813 962 Romani
834 901 875 962 M.
897 901 1011 974 Lepido
1033 903 1067 973 Q.
1090 902 1193 962 Catulo
1222 903 1392 962 consulibus
1417 920 1455 960 ac

272 987 378 1046 deinde
399 987 521 1047 militiae
543 992 573 1048 ιι
595 987 674 1049 domi
696 992 794 1059 gestas
817 987 986 1060 composni’.
1020 986 1133 1046 Deinde
1155 988 1285 1060 loquitur
1307 989 1343 1048 de
1366 1005 1399 1046 se
1422 994 1453 1046 et

271 1072 396 1132 historia
412 1071 458 1150 (fr.
478 1075 559 1132 2-5
578 1071 623 1146 D.)
640 1089 734 1144 neque
751 1071 948 1145 egressionem
967 1073 1004 1132 de
1021 1072 1150 1134 civitatis
1167 1073 1299 1133 moribus
1316 1078 1453 1146 praeter·
1488 1077 1489 1106 ³

272 1158 363 1218 mittit
383 1157 428 1236 (fr.
452 1158 574 1233 6-14),
602 1164 741 1258 qnantum
764 1176 800 1218 ex
822 1157 993 1232 fragmentis
1016 1159 1150 1218 conicere
1172 1161 1248 1218 licet
1228 1159 1453 1231 tEgressio-
1489 1179 1490 1184 ¹

272 1261 337 1303 nem
363 1245 588 1317 geographicam
615 1246 778 1318 reperimus
799 1244 877 1305 libro
899 1244 988 1305 tertio
1009 1242 1055 1319 (ir.
1078 1245 1227 1318 41-46),
1255 1261 1331 1317 qnae
1352 1262 1455 1316 egros·

273 1330 317 1389 sio
339 1347 358 1388 a
380 1330 528 1389 veteribus
546 1330 667 1403 proprio
686 1331 803 1390 nominc
821 1331 923 1392 laudat
910 1336 959 1390 tur
976 1330 1023 1389 ‘de
1040 1329 1098 1387 situ
1116 1329 1222 1390 Ponti.
1257 1330 1453 1390 Orationibus

272 1432 451 1487 veroquam
473 1432 608 1488 magnam
631 1417 745 1486 dederit
767 1434 887 1491 operam
909 1416 997 1475 etiam
1020 1415 1050 1473 in
1072 1415 1132 1474 hist
1134 1415 1218 1486 ariis,
1244 1433 1281 1474 ex
1302 1415 1352 1487 iis,
1376 1433 1454 1488 quae

263 1501 310 1572 ¹ad
333 1518 386 1560 nos
408 1507 613 1574 pervenerunt,
642 1502 729 1562 facile
751 1502 945 1573 cognoscitur.
988 1500 1024 1560 In
1046 1501 1214 1561 universum
1235 1501 1328 1573 igitur
1350 1503 1454 1573 dispo·

273 1586 408 1644 sitionem
430 1603 530 1658 parem
554 1588 688 1664 omnibns
710 1589 741 1647 in
762 1588 847 1647 libris
870 1590 986 1647 secutus
1008 1590 1061 1657 est,
1083 1586 1140 1646 nisi
1163 1587 1242 1660 quod
1259 1586 1403 1646 historias
1422 1587 1453 1644 in

272 1672 390 1731 modum
412 1672 635 1751 annalinmper
657 1674 788 1746 singulos
810 1690 904 1733 annos
928 1672 1058 1744 digessit.

358 1757 485 1828 Tacitus,
509 1759 559 1830 qui
576 1759 640 1832 ipse
658 1775 772 1831 qnoque
790 1759 951 1831 exemplum
970 1757 1101 1816 Sallustii
1120 1761 1235 1817 secutus
1254 1757 1339 1818 initio
1358 1758 1454 1816 mino-

212 1869 217 1876 ·
274 1843 357 1902 ribus
381 1843 411 1901 in
434 1844 552 1916 scriptis
571 1845 711 1916 substitit,
733 1847 809 1905 hanc
827 1845 890 1904 eius
909 1843 1131 1916 dispositionem
1149 1842 1244 1916 primo
1262 1844 1339 1902 libro
1357 1844 1452 1903 bisto-

273 1928 349 1999 rico‚
377 1945 462 2001 quern
489 1930 608 2002 scripsit
635 1932 670 1990 de
691 1931 849 2001 Agricolae
873 1929 935 1990 vita
961 1933 991 1988 et
1017 1928 1161 1999 moribus,
1187 1928 1273 2001 plane
1295 1929 1379 2001 quasi
1402 1947 1452 1988 ex-

273 2014 395 2086 pressit,
422 2015 453 2074 id
480 2016 559 2087 quod
585 2016 643 2074 iam
666 2017 703 2074 ab
725 2015 875 2076 Eussnero
898 2016 1076 2074 intellectum
1098 2031 1191 2088 nuper
1212 2015 1250 2074 ab
1273 2015 1453 2088 Urlichsio'i)

273 2099 492 2159 accuratissime
514 2105 583 2160 ante
605 2102 705 2161 oculos
727 2102 813 2163 nobis
834 2101 964 2174 positum
986 2106 1042 2172 est,
1066 2117 1152 2172 qnam
1175 2099 1212 2160 ob
1235 2115 1296 2158 rem
1319 2101 1349 2159 in
1372 2117 1452 2159 com-

272 2185 456 2257 parationem
478 2187 589 2246 vocabo
612 2189 812 2247 tantummodo
835 2204 882 2258 ea,
914 2204 988 2259 quae
1009 2185 1129 2246 maioris
1152 2191 1220 2244 sunt
1241 2185 1387 2245 momenti.
1411 2219 1450 2228 -

272 2272 343 2343 Agr.
362 2288 385 2329 ι.
406 2274 487 2332 1-3
502 2298 544 2322 =
558 2273 622 2333 Cat.
644 2274 737 2332 3-4,
775 2273 819 2344 Ig.
838 2273 931 2346 3-4,
948 2272 1000 2331 nbi
1018 2272 1084 2344 pari
1101 2271 1189 2331 modo
1208 2270 1244 2329 de
1261 2288 1293 2330 se
1310 2276 1340 2329 ct
1357 2271 1451 2330 histo·

272 2357 318 2416 ria
341 2357 498 2417 disserunt.
533 2359 604 2430 Agr.
627 2375 651 2418 c.
673 2360 694 2417 4
716 2375 778 2432 sqq.
793 2384 836 2409 =
852 2358 915 2418 (lat
937 2375 961 2418 c.
984 2360 1012 2416 5.
1039 2357 1082 2429 Ig.
1105 2373 1129 2416 c.
1151 2358 1170 2415 5
1194 2372 1265 2428 sqq,
1286 2357 1338 2415 ubi
1356 2357 1451 2415 Sallu-

273 2443 349 2501 stius
376 2443 431 2502 Cat
433 2443 521 2502 ilinae
547 2449 577 2503 et
597 2443 771 2516 Iugurthae,
798 2443 919 2503 Tacitus
944 2443 1101 2515 Agricolae
1127 2459 1221 2501 mores
1248 2447 1278 2501 et
1304 2442 1451 2513 ingenium

273 2529 463 2588 demonstrat.
498 2528 695 2589 Οοιιιιιιιιι
718 2531 843 2588 maxime
860 2532 931 2601 Agr.
954 2546 978 2588 c.
997 2529 1015 2588 5
1033 2526 1080 2604 (da
1096 2527 1253 2599 Agricolae
1270 2528 1452 2602 rudimentis)

274 2632 338 2672 cum
366 2614 410 2685 13.
433 2630 457 2672 ι.
481 2615 499 2674 5
526 2613 573 2690 (de
598 2615 792 2688 Iugurthae
782 2621 903 2674 inventu
904 2613 1017 2690 ta.-)
1045 2613 1116 2685 Agr.
1142 2629 1166 2672 c.
1195 2615 1384 2673 10-17=
1408 2613 1450 2685 13.

275 2702 355 2758 17-
362 2701 414 2769 19,
440 2699 492 2758 nbi
515 2700 670 2760 Sallustius
698 2702 735 2760 de
762 2701 821 2760 situ
844 2699 975 2772 Africae,
997 2700 1117 2759 Tacitus
1141 2700 1176 2759 de
1198 2700 1257 2759 situ
1278 2697 1450 2757 Britanniae

273 2784 441 2856 loquuntur.
459 2817 497 2828 -
516 2787 587 2857 Agr.
606 2802 631 2846 c.
650 2788 775 2846 31-33
793 2784 879 2862 (orat
870 2803 952 2846 rones
971 2785 1090 2858 Calgaci
1108 2790 1138 2844 ct
1155 2781 1320 2858 Agricolae)
1332 2809 1374 2833 =
1388 2783 1449 2843 Cat.

273 2870 398 2928 51-52
413 2869 571 2944 (orationes
586 2871 720 2932 Caesaris
735 2869 911 2946 etGatonis).
933 2871 1004 2943 Agr.
1019 2887 1042 2928 ι.
1053 2871 1230 2929 35-38=
1240 2870 1302 2928 Cat.
1314 2870 1447 2939 59-60,

272 2954 324 3012 uhi
346 2955 459 3027 proelia
481 2957 696 3034 describuntur,
718 2969 775 3028 qua
792 2957 898 3028 proelii
916 2957 947 3016 1ι
965 2954 1161 3026 descriptione
1179 2954 1299 3013 Tacitus
1318 2954 1448 3014 Sallustii

273 3041 367 3099 locnm
389 3040 442 3114 (Ig.
461 3042 530 3112 101,
555 3039 604 3116 11)
626 3041 656 3100 in
679 3059 763 3102 nsum
786 3059 869 3100 sunm
892 3040 1044 3100 convertit.
1068 3072 1107 3082 -

357 3126 450 3186 Libro
471 3127 507 3186 de
524 3126 682 3188 Germania
699 3127 788 3187 misso
806 3132 991 3186 transeamus
1008 3127 1047 3186 ad
1064 3125 1214 3196 historias,
1232 3141 1354 3197 quarum
1372 3125 1447 3186 initii

273 3212 429 3284 dispositio
451 3229 510 3271 non
532 3212 575 3272 ita
596 3214 718 3272 multum
740 3231 759 3272 a
781 3213 919 3272 Sallustio
941 3213 1090 3272 abhorret.
1130 3209 1243 3270 Nomen
1260 3210 1446 3271 historiarum

273 3315 341 3356 num
363 3299 402 3358 ad
420 3297 582 3371 exemplum
600 3299 740 3370 Sallustii,
758 3299 789 3358 id
808 3300 886 3372 quod
903 3295 1089 3372 Teuffelius⁸)
1106 3296 1208 3368 voluit,
1230 3296 1349 3356 Tacitus
1368 3298 1447 3370 operi

274 3401 328 3443 sno
350 3385 476 3456 dederit,
504 3401 678 3456 quamquam
699 3402 753 3458 per
776 3401 807 3444 se
828 3384 1067 3457 probabilitatem
1089 3381 1218 3454 aliquam
1240 3383 1342 3455 habet,
1370 3389 1446 3441 certo

273 3469 429 3529 diiudicari
451 3487 510 3529 non
532 3474 638 3542 potest,
660 3471 796 3543 qnoniam
818 3475 936 3542 praeter
959 3467 1129 3528 Sallustium
1147 3466 1180 3526 L.
1203 3484 1318 3540 qnoque
1341 3467 1445 3526 Corne·

273 3555 329 3614 lius
352 3554 487 3625 Sisenna,
515 3572 599 3627 quem
622 3555 756 3615 Tacitum
782 3556 888 3627 legisse
915 3559 1025 3613 ιιιιιιι
1053 3558 1098 3611 est
1122 3551 1199 3628 (hist.
1222 3552 1277 3624 III,
1300 3551 1363 3626 51),
1383 3553 1445 3610 Asi·

273 3641 338 3700 nius
360 3640 456 3700 Pollio
477 3639 540 3718 (cfr
562 3658 628 3700 ann.
650 3639 700 3712 IV,
725 3641 774 3716 34)
796 3640 914 3700 Cluvius
937 3637 1031 3698 Rufus
1053 3638 1128 3714 (ιιι.
1151 3637 1233 3710 XIII,
1253 3640 1301 3697 20.
1324 3636 1400 3706 XIV,
1420 3640 1446 3694 21

274 3743 363 3823 opera
390 3743 443 3786 sna
469 3725 529 3786 hist
516 3727 609 3786 terias
636 3726 926 3798 appellaverunt-
887 3725 1092 3783 -Ceternm
1114 3723 1302 3782 conferantur
1325 3722 1445 3794 disposi-

273 3810 369 3873 tiones
391 3811 542 3884 librorum,
566 3828 687 3884 quarum
710 3813 798 3872 modo
821 3810 929 3870 similes
952 3815 1020 3884 part
1021 3825 1052 3868 es
1008 3812 1179 3869 tcontra
1200 3809 1294 3884 posui.
1318 3839 1357 3850 -

274 3937 478 3947 ———-

345 3994 364 4058 ¹)
381 3997 425 4048 cl'r.
444 3998 508 4049 Vcll.
527 3995 558 4055 ll,
576 3997 618 4048 36.
646 3996 780 4048 Sallustius
794 3995 819 4045 in
835 3995 962 4060 principiis
977 3995 1062 4045 statim
1075 3994 1231 4057 Thucydidis
1245 3992 1370 4042 tcmnlum
1389 3995 1443 4055 egit,

273 4064 308 4112 ita
326 4071 353 4112 ut
372 4064 517 4129 simpliciter·
534 4066 601 4128 quod
620 4065 668 4114 sibi
687 4065 791 4127 elegerit
809 4064 906 4113 initium
926 4063 1050 4114 scribendi
1065 4061 1217 4126 signiticaret
1230 4075 1311 4124 neque
1324 4075 1368 4124 pro
1382 4062 1443 4111 illios

274 4131 328 4180 aevi
351 4145 420 4181 more
441 4133 634 4196 philosophandi
657 4133 741 4182 studio
759 4133 925 4195 abriperetur,
947 4131 973 4180 id
992 4131 1059 4194 quod
1078 4132 1103 4180 in
1122 4129 1258 4179 minorihus
1277 4129 1332 4178 cius
1350 4130 1443 4194 scriptis

273 4199 373 4251 nonita
392 4209 492 4250 cautum
510 4201 632 4253 videmus.

343 4267 365 4328 ⁹)
381 4267 418 4318 De
435 4269 493 4320 Tac.
513 4270 555 4320 vit.
574 4277 598 4319 ct
616 4269 702 4320 bonor.
721 4285 744 4333 p.
763 4268 796 4318 22
815 4285 853 4331 sq.

345 4335 569 4403 ³)Uebe1setanng
587 4339 632 4388 des
649 4339 709 4389 Τιι.
727 4354 751 4401 p.
772 4337 828 4388 131.
