3144 4862
704 277 830 344 ...55
874 316 914 326 ..

472 501 514 570 ll.
549 500 602 568 lle
624 500 811 568 hominum
834 501 1145 586 descriptionibus.

309 646 353 703 Ac
378 646 503 716 primum
526 643 635 704 Sabina
656 645 806 717 Poppaea,
834 645 916 704 cuius
938 647 1086 720 ingenium
1108 647 1228 706 Tacitus
1250 647 1281 705 in
1303 665 1395 706 anna-

224 732 294 789 lium
320 731 390 790 libri
412 731 492 789 tertii
515 730 620 791 decimi
642 731 738 802 capite
755 732 795 790 45
819 732 968 804 describit,
991 734 1019 792 ei
1041 733 1124 806 quasi
1146 735 1239 792 altera
1262 734 1396 809 Sempro·

225 816 274 877 nia
295 817 368 894 (Cat.
388 815 438 894 25)
459 821 526 875 aute
549 819 648 876 oeulos
669 822 787 878 versata
809 835 872 877 esse
894 818 1017 880 videtur.

471 965 537 1021 Sall.
1082 969 1146 1023 Tac.

225 1050 279 1106 Sed
296 1050 325 1104 in
342 1052 380 1106 eis
398 1057 457 1106 erat
470 1050 636 1119 Sempronia.
651 1081 683 1089 -
697 1051 784 1106 Haec
807 967 811 1104 Ι
836 1054 905 1108 Ε111
922 1055 951 1108 11
968 1053 1077 1110 civitate
1095 1056 1196 1109 Sabina
1214 1055 1347 1122 Poppaea.
1363 1085 1395 1094 -

258 1120 376 1174 mulier
406 1136 525 1191 genere
558 1127 640 1187 atque
666 1120 782 1183 forma,
869 1123 952 1176 Huic
965 1124 1095 1178 mulieri
1109 1131 1230 1178 cuncta
1243 1122 1397 1178 aliaiuere

259 1195 402 1256 praeterea
423 1189 481 1244 viro
503 1188 594 1243 liberis
612 1189 679 1243 satis
697 1188 783 1242 fortu-
869 1199 1003 1260 praeter
1039 1193 1215 1247 honestum
1250 1191 1397 1246 animum.

259 1262 326 1310 nata
343 1257 407 1320 fuit;
421 1288 454 1295 —
468 1257 515 1311 sed
529 1259 554 1311 ei
571 1257 701 1312 cariora
714 1274 782 1313 sem·
871 1262 976 1329 Quippe
993 1267 1081 1315 mater
1099 1260 1156 1316 eius
1170 1291 1203 1300 -
1216 1260 1330 1328 gloriam
1348 1276 1397 1328 pa·

258 1341 309 1394 per
334 1327 438 1380 omnia
465 1343 547 1394 quam
575 1326 674 1380 decus
700 1334 782 1393 atque
870 1330 938 1382 riter
964 1333 991 1382 et
1017 1329 1154 1384 formam
1180 1329 1304 1396 dederat3
1331 1345 1397 1396 opes

257 1394 421 1462 pudicitia
443 1394 507 1448 fuit:
529 1395 661 1463 pecuniae
681 1410 717 1448 an
734 1395 782 1448 ia·
873 1396 1028 1451 claritudini
1055 1397 1185 1468 generis
1215 1397 1396 1453 sufficiebant.

258 1479 326 1517 mae
340 1465 428 1518 minus
441 1469 608 1536 parceret,
621 1463 784 1518 haudfacile
872 1465 978 1519 Sermo
1009 1467 1107 1522 comis
1141 1482 1192 1521 nee
1218 1466 1395 1522 absurdum

258 1531 437 1586 discerneres:
456 1531 547 1586 lubido
565 1533 604 1587 sic
621 1547 735 1588 accensa
752 1537 783 1587 ut
870 1534 1074 1602 ingenium¹):
1101 1536 1295 1590 modestiam
1316 1550 1393 1604 prae-

257 1603 366 1669 saepius
389 1606 494 1668 peteret
515 1602 586 1656 viros
609 1617 692 1668 quam
708 1607 783 1669 pete·
871 1603 944 1657 ferre
962 1610 989 1656 et
1007 1603 1146 1658 lascivia
1160 1603 1215 1658 uti.
1229 1605 1395 1658 -Famae

256 1669 782 1738 retur.-Verumingeniumeius
871 1689 1009 1739 nunquam
1043 1674 1195 1740 pepercit
1230 1674 1342 1728 maritos
1368 1677 1396 1726 et

257 1736 344 1792 haud
366 1737 553 1793 absurdum:
575 1753 671 1806 posse
688 1755 782 1794 versus
871 1740 1010 1796 adulteros
1027 1756 1082 1796 nou
1100 1740 1274 1810 distinguens.

256 1806 347 1863 facere
371 1805 459 1862 iocum
486 1823 604 1868 movere,
635 1823 783 1862 sermone

259 1879 306 1928 uti
334 1875 377 1930 vel
402 1875 550 1931 modesto
576 1876 619 1930 vel
645 1876 719 1930 molli
740 1877 782 1930 uel

258 1945 400 2014 procaci.

308 2087 422 2147 Deinde
444 2087 544 2146 confer
566 2087 792 2161 descriptionem
814 2089 958 2147 Catilinae
980 2091 1058 2162 apud
1080 2090 1249 2148 Sallustium
1270 2087 1343 2167 (Cat.
1366 2091 1396 2166 5)

224 2191 289 2232 cum
312 2173 417 2232 Seiano
440 2175 519 2246 apud
541 2173 674 2232 Tacitum
696 2174 771 2252 (ann.
794 2173 844 2246 IV,
869 2177 905 2250 1).
929 2207 968 2217 -

224 2303 283 2358 Cat.
298 2305 322 2364 5,
341 2309 364 2357 3.
393 2306 497 2374 Corpus
510 2306 617 2372 patiens
629 2305 735 2360 inediae
744 2307 783 2360 al-
835 2306 940 2374 Gorpus
953 2307 993 2359 illi
1006 2307 1131 2361 laborum
1144 2308 1272 2366 tolerans,
1291 2306 1395 2361 animus

258 2372 329 2441 goris
343 2373 458 2442 uigiliae,
477 2375 581 2430 animus
595 2374 692 2434 audax,
706 2377 795 2430 cuius·
869 2373 966 2434 audax,
989 2375 1031 2430 sui
1049 2375 1191 2444 obtegens,
1213 2375 1242 2427 in
1259 2374 1327 2429 alios
1344 2375 1396 2429 cri-
1489 2375 1491 2381 ’

259 2443 299 2495 rei
320 2441 395 2496 lubet
417 2444 559 2497 simulator
580 2458 611 2497 ac
634 2442 782 2498 dissimula·
869 2444 996 2498 minator:
1018 2445 1095 2497 iuxta
1118 2443 1238 2496 adulatio
1257 2451 1284 2496 et
1302 2460 1396 2512 super-

260 2516 311 2564 tor.
328 2540 356 2548 -
373 2511 475 2565 Vastus
488 2513 594 2566 animus
606 2511 783 2566 immoderata
868 2513 925 2566 bia:
947 2512 1039 2581 palam
1060 2513 1224 2580 compositus
1242 2511 1338 2579 pudor,
1355 2514 1396 2566 in·

259 2577 428 2633 incredibilia
445 2581 523 2636 nimis
540 2582 597 2634 alta
614 2597 720 2649 semper
738 2597 783 2634 eu·
869 2587 914 2635 tus
926 2595 1032 2635 summa
1045 2581 1183 2649 apiscendi
1192 2580 1275 2634 libido
1285 2581 1396 2648 eiusque

260 2647 360 2715 piebat.
379 2678 411 2686 —
429 2648 508 2702 Hunc
533 2648 625 2702 lubido
647 2650 783 2704 invaserat
870 2664 953 2704 causa
970 2648 1050 2703 modo
1068 2649 1176 2716 largitio
1194 2656 1222 2704 et
1240 2650 1320 2704 luxus
1338 2665 1396 2703 sae-

260 2715 300 2769 111
325 2715 450 2784 publicae
477 2718 627 2784 capiundae
647 2735 735 2787 neque
756 2719 785 2772 id
869 2719 930 2786 pius
949 2717 1081 2771 industria
1099 2733 1130 2771 ac
1148 2717 1299 2786 vigilantia,
1322 2719 1396 2771 haud

261 2786 360 2853 quibus
381 2784 467 2840 modis
489 2795 693 2853 assequeretur,
714 2786 785 2840 dum
869 2788 958 2840 minus
976 2787 1081 2847 noxiae,
1101 2787 1259 2855 quotiens
1276 2801 1396 2855 paran-

261 2853 323 2908 sibi
337 2860 626 2925 regnumpararet,
641 2856 786 2926 quicquam
871 2854 909 2908 do
927 2871 1027 2923 regno
1046 2855 1231 2924 finguntur.

199 2993 201 2996 Ι
258 2924 336 2991 pensi
353 2922 478 2979 habebat.

310 3048 465 3108 Contraria
487 3050 631 3109 Catilinae
653 3051 749 3124 imago
772 3056 816 3110 est
838 3051 956 3110 Servius
978 3050 1081 3109 Galba.

225 3179 284 3234 Cat.
307 3184 331 3240 b,
353 3184 370 3232 4
396 3181 476 3235 alieni
502 3182 635 3250 adpetens
657 3184 699 3237 sui
721 3198 783 3251 pro·
834 3182 897 3238 hist.
915 3183 936 3242 I,
955 3185 989 3236 49
1005 3181 1137 3249 pecuniae
1154 3181 1259 3235 alienae
1277 3195 1332 3234 non
1345 3180 1395 3234 ad·

260 3249 372 3314 1111111)
870 3255 974 3320 petens,
992 3265 1057 3305 suae
1074 3265 1180 3318 parcus.
1254 3303 1259 3312 ,

310 3375 459 3435 Tiberium
482 3376 558 3449 quia,
581 3395 645 3435 cum
667 3382 765 3436 vetere
787 3382 904 3435 senatus
926 3377 1058 3435 consulto
1081 3376 1231 3436 deservis
1253 3377 1283 3433 in
1302 3375 1394 3434 domi·

225 3479 293 3520 unm
320 3464 451 3532 quaestio
477 3464 570 3522 vetita
594 3468 681 3534 esset,
712 3463 806 3522 actori
833 3463 951 3535 publico
978 3479 1027 3520 eos
1051 3462 1212 3534 mancipari
1234 3461 1332 3531 iussit,
1362 3464 1395 3517 ut

224 3548 412 3608 nihilominus
434 3554 523 3609 testes
540 3555 645 3621 essent,
667 3554 753 3608 vocat
770 3549 889 3607 Tacitus
910 3547 1054 3616 ‘callidum
1073 3553 1103 3606 et
1120 3548 1188 3606 novi
1205 3548 1278 3605 iuris
1296 3564 1394 3618 reper-

225 3636 328 3692 torem’
343 3632 419 3710 (ann.
438 3635 476 3706 Π,
496 3636 553 3710 30).
575 3637 662 3708 Apud
676 3635 844 3695 Sallustium
857 3635 888 3692 in
900 3650 934 3693 re
948 3635 1094 3693 simillima
1136 3633 1233 3692 omani
1246 3651 1264 3691 a
1277 3633 1395 3691 Mithri-

226 3719 293 3778 date
314 3727 456 3780 vocantur
478 3723 584 3782 ‘callidi
606 3740 641 3782 ac
663 3727 827 3795 repertores
848 3717 1353 3797 1111111111’(11111.Ι11,61[1911).

227 3925 270 3983 lv,
288 3922 329 3975 58.
348 3951 380 3960 -
400 3923 451 3976 Cat.
466 3926 538 3982 31.?
556 3928 665 3977 demisso
683 3928 758 3982 voltu,
770 3940 832 3976 voce
849 3927 965 3989 supplici.
991 3925 1050 3974 Tae,
1068 3923 1126 3973 hist.
1146 3924 1164 3980 1,
1183 3921 1215 3973 45
1234 3938 1295 3972 voce
1313 3924 1395 3971 vultu·

227 4009 282 4056 que.
302 3993 343 4052 111,
361 3991 395 4043 58
413 3996 481 4045 11111
501 4011 562 4044 uoce
580 3996 696 4046 lacrimis.
723 4010 778 4044 ann.
792 3994 835 4052 111,
852 3995 894 4046 67.
921 3993 978 4052 XV,
990 3991 1031 4044 55.
1057 3991 1127 4051 XVI,
1140 3992 1180 4042 29.
1208 3991 1245 4054 lg.
1261 3991 1301 4048 14,
1316 3990 1331 4042 5
1346 4006 1394 4053 quo

226 4070 337 4126 tempore
354 4064 436 4124 magis
454 4063 516 4113 fides
534 4065 587 4114 eius
605 4079 680 4128 quarn
698 4065 797 4124 somnne
814 4064 924 4127 petunda
942 4071 1000 4112 erut.
1031 4063 1089 4111 Tae.
1105 4060 1161 4110 hist.
1181 4061 1224 4124 lv,
1243 4060 1276 4110 28
1294 4061 1395 4108 meliore

228 4133 267 4179 usi
290 4131 340 4182 tide
361 4147 436 4194 quam
458 4132 564 4184 fortuna.
599 4132 748 4196 lg.31,1o
768 4134 907 4182 sacerdotia
929 4140 953 4181 11
975 4132 1118 4181 consulatus
1141 4137 1300 4179 ostentantes.
1336 4130 1393 4177 Tae.

226 4198 284 4251 hist.
302 4199 321 4258 1,
340 4199 356 4250 2
374 4202 512 4256 sacerdotia
529 4211 553 4251 et
571 4205 714 4253 consulatus
732 4211 760 4252 ut
778 4203 858 4266 spolia
875 4202 965 4264 adepti.

297 4267 316 4331 ¹)
334 4267 378 4317 eir.
396 4270 454 4320 hist.
474 4270 514 4321 lll.
533 4271 567 4324 62
585 4273 675 4322 Fabius
694 4273 787 4321 Valens
806 4285 899 4334 procax
917 4270 1028 4324 moribus
1045 4283 1126 4331 neque
1144 4267 1268 4320 absurdus
1285 4265 1393 4326 ingenio.

296 4335 316 4406 ¹)
334 4338 399 4389 adde
417 4337 468 4390 Cat.
489 4339 528 4399 12,
546 4340 570 4390 2.
601 4343 659 4392 Tac.
678 4341 758 4391 Germ.
777 4339 817 4390 31.
851 4337 969 4390 1111129.
