3144 4862
681 347 892 412 ὼ,1)Ῑῶ

288 521 355 580 Sall
378 519 441 578 (lat.
465 520 514 590 20,
538 519 554 575 1
580 517 707 576 Catilina
729 519 780 578 ubi
802 537 851 580 eos
873 553 915 564 -
938 522 1107 582 convenisse
1135 519 1230 592 videt,
1260 515 1377 576 tametsi

208 624 271 664 cum
303 605 425 677 siugulis
457 604 547 662 multa
577 608 690 675 egerat,
720 609 818 664 tamen
846 607 877 664 in
903 623 964 665 rem
990 606 1056 667 iore
1081 608 1202 666 credens
1223 605 1378 663 univorsos

204 693 361 765 appellare,
385 723 428 734 —-
451 689 613 748 orationem
630 690 751 748 huiusce
768 692 848 750 modi
865 693 976 752 habuit.
1011 693 1080 752 Tac.
1103 693 1169 756 hist.
1187 692 1211 763 Ι,
1230 693 1270 751 36
1293 691 1378 750 Post-

206 794 291 849 quam
322 778 459 837 universa
484 775 673 834 classicorum
702 777 780 848 legio
806 784 1018 838 sacramentum
1045 780 1106 838 eius
1132 778 1257 849 accepit,
1287 777 1379 835 fideus

203 865 316 923 viribus
339 868 369 922 et
390 879 463 934 quos
485 861 582 920 adhuc
604 861 735 933 singulos
757 864 1004 939 exstimulaverat,
1027 865 1227 924 accendendos
1248 864 1279 920 in
1302 879 1379 921 com-

203 967 289 1008 muue
311 955 393 1008 ratus
416 965 471 1021 pro
494 948 571 1006 vallo
594 953 757 1007 castrorum
779 951 823 1008 ita
844 950 949 1023 coepit.

569 1147 609 1212 Β.
641 1148 692 1214 Ile
715 1149 1010 1232 digressionibus.

291 1292 338 1350 Ex
360 1290 591 1362 digressionibus
614 1290 771 1363 historicis,
795 1308 865 1364 quas
890 1291 1044 1351 Sallustius
1067 1291 1185 1364 scriptis
1207 1291 1267 1348 suis
1290 1289 1380 1348 inter-

206 1378 319 1452 posuit,
349 1377 485 1435 videntur
512 1377 636 1434 maxime
664 1393 728 1434 esse
754 1378 958 1438 memorabiles
985 1395 1048 1450 eae,
1071 1377 1230 1448 inquibus
1253 1375 1380 1434 civitatis

207 1479 302 1522 mores
325 1463 393 1521 inde
415 1479 433 1520 a
454 1461 617 1535 primordio
639 1463 721 1522 urbis
745 1465 864 1536 repetit;
886 1465 1029 1523 eiusmodi
1050 1463 1127 1521 euim
1148 1463 1330 1534 egressiones
1353 1465 1383 1519 et

206 1550 237 1607 in
260 1548 387 1607 Catilina
417 1554 447 1607 et
478 1549 508 1606 iu
534 1548 678 1619 Iugurtha
705 1553 734 1607 et
760 1549 790 1606 in
818 1549 951 1610 historiis
961 1547 982 1625 ¹)
1009 1549 1170 1622 reperimus
1196 1549 1239 1606 ita
1266 1546 1382 1618 quidem

206 1635 395 1709 compositas,
426 1638 460 1691 ut
486 1639 516 1693 et
538 1635 748 1696 sententiarum
774 1635 806 1692 in
835 1637 937 1696 ordine
959 1640 988 1694 et
1010 1652 1096 1708 saepe
1127 1636 1165 1694 ad
1187 1634 1277 1694 verba
1299 1633 1382 1691 iuter

206 1738 269 1779 sese
288 1719 480 1791 consentiant,
499 1721 604 1792 quibus
622 1719 653 1777 in
671 1721 887 1792 egressionibus
907 1721 1062 1780 Sallustius
1080 1720 1209 1780 civitatis
1226 1719 1383 1790 imaginem

205 1812 291 1865 acute
317 1805 522 1876 subtiliterque
550 1807 702 1877 expressit.
745 1807 846 1879 Neque
868 1807 971 1866 Tacito
999 1825 1051 1866 eae
1077 1824 1136 1866 uon
1161 1821 1267 1876 magno
1296 1821 1384 1878 opere

205 1893 342 1951 videntur
367 1891 525 1965 placuisse;
555 1892 588 1949 in
613 1893 782 1964 egressione
809 1894 897 1965 enim,
926 1911 1012 1966 quam
1034 1893 1158 1951 inseruit
1180 1891 1313 1950 historiis
1333 1889 1384 1968 (Π,

206 1995 230 2036 c.
253 1975 400 2053 37—38),
427 1994 491 2035 cum
519 1977 646 2036 civitatis
673 1995 768 2038 mores
795 1979 924 2039 breviter
946 1978 1148 2051 obumbraret,
1171 1994 1235 2036 cum
1257 1994 1293 2035 ex
1315 1993 1383 2034 sen-

205 2065 306 2123 tentiis
328 2070 390 2123 tum
412 2079 449 2122 ex
469 2062 568 2123 verbis
590 2062 677 2123 facile
698 2066 869 2135 agnoscitur
890 2067 964 2124 alter
987 2064 1152 2124 Sallustius.

452 2211 520 2268 Sall.
1069 2212 1135 2268 Tac.

207 2299 327 2360 Gat.10‚
348 2300 420 2353 1-3.
452 2297 506 2352 Sed
520 2297 566 2351 ubi
580 2298 673 2353 labore
687 2304 770 2366 atque
821 2315 843 2353 c.
862 2301 903 2353 38.
935 2299 1023 2354 Vetus
1045 2313 1078 2353 ae
1098 2300 1153 2353 iam
1174 2297 1280 2377 pridem
1300 2297 1382 2350 insita

242 2368 345 2420 iustitia
366 2381 420 2421 res
441 2366 578 2435 publiea
600 2367 718 2435 crevit,
736 2398 769 2406 -—
856 2368 1016 2422 mortalibus
1051 2373 1229 2435 potentiae
1262 2365 1382 2433 cupido

244 2436 347 2490 saevire
361 2434 474 2489 fortuna
487 2451 535 2488 coe
555 2437 584 2489 it.
616 2435 703 2502 Igitur
714 2436 769 2504 pri·
856 2453 917 2490 cum
925 2435 1056 2505 imperii
1065 2432 1295 2504 magnitudine
1306 2432 1382 2487 ado-

243 2520 287 2556 mo
300 2504 440 2572 pecuniae,
461 2503 523 2558 dein
543 2505 704 2572 eimperii
717 2520 770 2557 cu·
856 2505 938 2559 levit
960 2507 1117 2573 erupitque3
1143 2520 1206 2558 uam
1223 2503 1305 2556 rebus
1327 2518 1382 2555 mo-

244 2571 320 2642 pido
338 2572 450 2627 crevit.
857 2573 924 2627 dicis
949 2574 1102 2642 aequalitas
1128 2572 1209 2627 facile
1230 2572 1384 2636 habetur.¹)

212 2641 270 2694 Cat.
283 2643 354 2702 10,2.
379 2639 441 2693 Sed
454 2640 510 2694 ubi
528 2671 561 2678 -
574 2654 667 2707 reges
680 2641 772 2707 magni
823 2641 886 2696 Sed
907 2642 961 2695 ubi
983 2642 1122 2696 subacto
1146 2643 1211 2695 orbe
1229 2647 1256 2693 et
1274 2654 1382 2693 aemu-

245 2708 317 2762 bello
331 2709 433 2769 domiti,
447 2710 572 2764 nationes
585 2708 659 2764 ferae
673 2716 701 2762 et
737 2725 771 2762 o·
856 2711 899 2764 lis
923 2709 1061 2766 urbibus
1081 2710 1255 2777 regibusve
1273 2707 1383 2762 excissis

244 2777 313 2846 puli
338 2777 461 2844 ingentes
486 2777 513 2830 vi
534 2778 678 2839 subacti,
727 2793 770 2831 ar-
857 2793 967 2833 securas
989 2794 1054 2846 opes
1078 2778 1270 2846 concupiscere
1286 2793 1383 2830 vacu-

245 2847 327 2913 thago
344 2845 474 2899 aemula
491 2845 596 2914 imperii
608 2845 724 2899 Romani
736 2847 771 2900 ab
857 2863 908 2900 um
925 2845 1003 2908 fuit,
1020 2847 1109 2916 prima
1125 2847 1198 2900 inter
1219 2852 1314 2914 patres
1326 2845 1383 2913 plc-

246 2917 331 2984 stirpe
357 2914 461 2968 interiit
479 2943 512 2952 -
530 2915 633 2968 saevire
660 2914 772 2969 fortuna
856 2915 972 2984 bemque
989 2917 1139 2970 certamina
1155 2930 1289 2968 exarsere.

247 2983 413 3038 admiscere
436 2981 526 3037 omnia
544 2985 640 3052 coepit.
658 3014 691 3022 —
708 2983 771 3038 hist.
823 2985 926 3046 Verba,
950 2998 1020 3052 quae
1042 2990 1195 3052 sequuntur
1217 2980 1305 3036 ‘modo
1326 2987 1383 3034 tur-

246 3053 268 3105 1.
284 3055 316 3104 10
333 3053 393 3118 (11).
418 3050 568 3120 Postquam
579 3058 684 3106 remoto
699 3058 773 3106 metu
856 3053 961 3108 bulenti
981 3053 1092 3108 tribuni’
1115 3058 1143 3106 et
1160 3068 1184 3120 q.
1204 3067 1225 3106 s.
1242 3049 1384 3104 conferan-

245 3119 348 3173 Punico
365 3120 517 3175 simultates
535 3135 662 3175 exercere
676 3137 772 3174 vacu·
857 3127 903 3175 tur
920 3137 982 3175 cum
998 3121 1036 3190 lg.
1056 3137 1079 3175 c.
1097 3122 1206 3176 41-42.

247 3205 296 3242 um
314 3188 389 3248 fuit,
411 3189 554 3257 plurumae
571 3189 680 3256 turbae,
702 3189 772 3244 sedi·

247 3257 336 3312 tiones
354 3265 381 3310 et
398 3257 434 3310 ad
446 3264 613 3325 postremum
625 3257 698 3311 bella
711 3258 772 3310 civi-

249 3325 286 3379 ba
303 3332 365 3379 orta
382 3332 453 3379 sunt.

213 3397 250 3462 lg.
274 3397 319 3454 42,
342 3395 358 3447 5
382 3407 422 3446 ex.
459 3393 513 3447 Sed
535 3393 569 3446 de
590 3393 688 3447 studiis
711 3409 773 3462 par-
824 3410 847 3448 o.
861 3397 949 3449 bilex.
976 3392 1030 3447 Sed
1047 3408 1089 3447 me
1106 3399 1229 3448 veterum
1242 3407 1386 3446 novorum·

248 3464 315 3516 tium
338 3469 366 3516 et
387 3463 473 3518 omnis
495 3463 611 3516 civitatis
629 3463 773 3516 moribus
860 3479 913 3530 que
930 3478 1052 3515 morum
1069 3463 1207 3529 reputatio
1220 3461 1327 3530 longius
1340 3467 1383 3514 tn-

247 3532 270 3584 si
288 3530 443 3598 singulatim
461 3538 509 3585 aut
526 3547 576 3598 pro
589 3529 775 3599 magnitudine
858 3532 902 3586 lit:
916 3547 988 3584 nunc
1002 3531 1164 3584 adrerum
1178 3529 1325 3584 ordinem
1334 3545 1385 3582 re·

250 3615 344 3668 parem
362 3598 499 3659 disserere,
517 3607 623 3667 tempus
637 3615 719 3668 quam
731 3614 776 3653 res
860 3599 927 3654 deo.

248 3668 381 3721 maturius
404 3683 448 3720 me
471 3667 593 3731 deserat;
614 3684 714 3790 dquam
736 3668 774 3722 ob

250 3752 316 3789 rem
334 3736 374 3790 ad
390 3737 557 3803 inceptum
575 3752 608 3790 re
636 3752 679 3790 eo.

316 3877 447 3938 Sallustii
473 3895 554 3936 more
580 3882 724 3951 modoque
750 3880 915 3953 composuit
936 3879 1056 3938 Tacitus
1082 3877 1170 3936 etiam
1197 3893 1260 3935 eam
1288 3894 1386 3950 egres·

215 3967 334 4036 sionem,
358 3981 415 4035 qua
437 3964 575 4022 disseruit
598 3967 635 4023 de
655 3965 769 4037 legibus
790 3965 867 4042 (auu.
889 3964 945 4041 III,
970 3963 1105 4040 26-28)
1126 3980 1218 4035 neque
1239 3963 1271 4021 in
1288 3980 1386 4036 egres-

216 4052 345 4110 sionibus
371 4049 576 4122 geographicis
604 4067 690 4123 saepe
716 4051 753 4109 ad
775 4052 853 4110 illius
876 4052 1037 4122 exemplum
1059 4066 1124 4109 sese
1144 4066 1203 4107 nou
1224 4066 1388 4110 accommo-

216 4138 304 4197 davit.
348 4134 483 4195 (louferri
504 4139 638 4208 possunt:

287 4321 308 4386 ¹)
325 4320 376 4372 Cat.
396 4323 448 4375 cti
466 4338 521 4384 sqq.
540 4338 561 4373 e.
574 4323 615 4373 38.
642 4323 679 4384 lg.
699 4338 719 4372 e.
734 4322 843 4374 41-42.
861 4349 894 4358 —
911 4321 970 4371 hist.
989 4321 1018 4372 ir.
1037 4322 1055 4372 l.
1075 4321 1107 4373 10
1123 4322 1183 4386 (11).

287 4389 307 4454 1)
325 4388 377 4440 Cat.
396 4391 437 4448 37,
456 4391 471 4440 3
490 4399 591 4453 egestas
609 4390 682 4439 facilc
700 4389 805 4440 habetur
822 4393 876 4440 sine
894 4391 992 4440 damno.

1197 4474 1232 4526 4.
