3144 4862
668 347 911 410 -13-·

186 518 283 577 ‘etiam
305 536 352 578 me
373 520 537 580 indicente’.
576 522 639 582 Liv.
658 523 707 592 22,
726 521 775 590 39,
794 521 821 576 2.
842 551 880 561 -
898 518 1076 596 ‚insperante
1098 519 1171 578 boc'
1188 519 1253 577 Ter.
1270 518 1361 577 Andr.

188 605 259 663 603.
278 637 317 648 —
336 602 396 677 ‘qui
418 607 531 678 aliquid
553 609 624 680 agit,
645 625 703 666 non
725 621 789 664 esse
811 602 986 662 inlicientem
1008 620 1073 662 enm
1096 604 1237 665 dicimus’.
1275 605 1360 664 Varr.

187 689 294 760 1511,
305 691 354 750 78.
375 692 419 750 Ac
436 693 562 765 primum
579 694 645 754 1555
663 692 822 752 eVarrone
839 690 955 763 prolato
974 687 1122 748 ‘inficiens’
1138 690 1197 750 vim
1214 690 1361 750 verbalem

186 776 271 847 plene
279 793 447 849 expressam
457 778 613 838 retinuisse
621 779 685 838 viro
700 779 787 838 docto
801 793 860 835 non
874 775 969 834 credo.
979 775 1110 834 Ablativi
1119 779 1216 834 antem
1225 775 1362 845 absoluti,

188 861 238 932 qni
248 867 398 935 vocantur,
412 867 467 921 ‘me
480 862 634 923 indicente’
648 869 678 922 et
692 863 869 933 ‘insperante
882 861 947 918 hoc'
960 862 1146 920 consentiunt
1155 877 1219 920 cum
1228 861 1362 934 praecisa

187 946 238 1004 illa
256 946 374 1025 dicendi
390 949 607 1022 consuetudine,
626 965 720 1022 qnam,
738 952 770 1006 ut
788 948 847 1005 iam
860 963 950 1019 snpra
962 947 1057 1019 attigi,
1074 947 1174 1006 Latini
1187 964 1247 1005 non
1259 947 1318 1006 nisi
1330 947 1362 1004 in

188 1030 309 1092 ablativi
331 1050 386 1091 usu
407 1034 544 1094 videntur
566 1053 631 1094 esse
652 1033 745 1094 secuti
766 1032 879 1092 iniussu
897 1031 1063 1092 inconsultu
1080 1033 1193 1092 indicta
1210 1032 1361 1091 5555515-

187 1116 264 1176 fecta
275 1134 316 1176 re.
335 1119 393 1179 Sed
406 1137 442 1178 ne
454 1121 500 1179 bis
515 1121 631 1192 quidem
644 1121 676 1178 in
688 1118 853 1193 participiis
867 1119 924 1178 vim
938 1118 1083 1177 verbalem
1096 1118 1181 1191 plene
1193 1134 1362 1189 expressam

187 1219 251 1262 esse
272 1204 411 1277 arbitror,
433 1222 498 1264 cum
520 1207 615 1266 minus
637 1205 715 1264 actio
738 1204 862 1264 subiecti
883 1201 1071 1276 respiciatur,
1099 1220 1186 1276 quam
1206 1204 1361 1275 5155555-

187 1289 265 1348 litas.
299 1290 366 1348 Non
388 1291 501 1350 minore
522 1293 647 1352 audacia
669 1291 826 1351 Sallustius
848 1289 921 1349 dicit
942 1290 1010 1348 hist.
1028 1289 1051 1361 I,
1070 1291 1110 1348 55
1134 1287 1196 1368 (57)
1216 1290 1364 1361 multaque

186 1378 249 1431 tum
268 1375 356 1434 ductu
370 1376 432 1434 eius
445 1394 591 1450 manuque
600 1383 719 1451 patrata
732 1375 827 1448 primo
837 1391 890 1448 per
903 1373 1118 1447 ignobilitatem
1132 1375 1238 1435 deinde
1251 1392 1303 1448 per
1316 1375 1363 1433 in-

92 1481 99 1497 ·
186 1459 295 1518 vidiam
317 1461 495 1533 scriptorum
517 1463 696 1523 incelebrata
714 1467 791 1533 sunt,
811 1460 969 1540 (celebrata
985 1460 1071 1521 codd.
1089 1493 1128 1503 -
1147 1461 1242 1520 celata
1259 1461 1364 1519 Hertz-

187 1544 317 1604 Dietsch.
340 1579 376 1590 —
404 1547 583 1608 incelebrata
605 1549 664 1607 Iac.
687 1543 794 1624 Gran),
815 1546 868 1606 ubi
890 1546 1078 1606 ‘incelebrata
1099 1549 1176 1606 sunt'
1198 1547 1364 1607 Gronovius

187 1637 272 1689 acute
288 1632 419 1692 restitnit
436 1650 472 1692 ex
484 1634 599 1707 Tacito,
612 1633 744 1694 Sallustii
757 1633 913 1704 imitatore
931 1649 998 1692 ann
1011 1632 1059 1704 Vl,
1075 1636 1102 1692 7.
1115 1632 1210 1692 ‘nobis
1224 1634 1364 1706 pleraque

188 1716 278 1787 digna
304 1718 422 1790 cognita
445 1721 602 1793 obvenere,
630 1735 804 1793 quamquam
826 1718 864 1778 ab
887 1719 953 1777 aliis
975 1718 1173 1777 incelebrata!
1215 1719 1269 1778 His
1291 1719 1364 1778 locis

186 1802 375 1862 ‘incelebrata
393 1806 469 1862 sunt’
486 1823 545 1866 non
563 1823 627 1866 5555
644 1822 766 1880 prorsus
783 1804 861 1865 idern
878 1819 914 1863 ac
931 1806 998 1861 ‘non
1015 1804 1169 1864 celebrata
1181 1805 1258 1862 sunt’
1279 1804 1366 1864 facile

189 1888 338 1949 sentimus.
384 1889 577 1963 Participium
603 1891 820 1950 ‘incelebratus'
846 1891 905 1949 iam
935 1890 1057 1948 multum
1087 1895 1211 1949 naturae
1237 1890 1365 1950 verbalis

190 1972 339 2045 deposuit,
365 1975 397 2034 id
424 1978 502 2046 quod
528 1977 595 2036 aliis
620 1978 694 2037 locis
717 1975 805 2034 etiarn
827 1975 921 2046 magis
944 1974 1103 2036 dilucidum
1126 1980 1171 2035 est
1192 1976 1272 2036 velut
1293 1976 1367 2035 Hor.

190 2074 278 2118 carm.
304 2059 363 2132 HI,
390 2062 444 2134 25,
472 2066 490 2122 7
517 2062 620 2122 Dicam
652 2061 767 2135 insigne
797 2077 899 2120 recens
925 2063 1021 2121 adhuc
1043 2061 1189 2122 Indictum
1216 2079 1268 2120 ore
1297 2062 1366 2120 alio.

190 2143 254 2204 Liv.
277 2147 309 2216 5,
334 2146 385 2217 15,
409 2149 450 2207 10
476 2148 580 2220 Itaque
608 2165 683 2222 qnae
709 2154 771 2207 tum
798 2147 937 2206 cecinerit
959 2147 1058 2207 divino
1082 2148 1188 2219 spiritu
1210 2146 1367 2206 instinctos

190 2246 226 2287 ea
248 2247 278 2290 se
297 2248 350 2290 nec
372 2236 405 2291 ut
426 2233 538 2293 indicta
560 2235 620 2294 sint
640 2250 781 2294 revocare
802 2250 898 2306 posse.
940 2233 1049 2292 Auson.
1068 2239 1180 2305 parent.
1200 2235 1243 2293 20.
1259 2251 1313 2292 nec
1335 2238 1366 2291 tn

189 2315 249 2373 iam
267 2317 367 2377 metris
385 2320 457 2378 meis
475 2319 693 2380 immemoratus
711 2320 779 2378 eris.
798 2353 838 2363 -
858 2319 981 2392 Quoquo
999 2317 1090 2390 igitur
1109 2320 1196 2379 modo
1209 2319 1368 2392 participia

189 2406 220 2458 et
232 2405 395 2474 praesentis
410 2404 501 2464 activi
514 2413 544 2465 55
557 2405 681 2479 perfecti
694 2405 806 2479 passivi
819 2398 962 2477 usurpata
979 2410 1055 2477 sunt,
1073 2422 1139 2463 cum
1157 2406 1259 2477 utique
1276 2421 1368 2476 prope

190 2490 330 2547 accedant
356 2491 505 2549 notionem
531 2491 756 2563 adiectivorum,
782 2491 857 2549 nibil
887 2490 1013 2549 afferunt
1043 2491 1082 2550 ad
1105 2491 1304 2563 quaestionem
1332 2492 1369 2551 55

189 2573 288 2632 verbis
315 2577 459 2646 negativis
484 2579 706 2650 absolvendam,
733 2582 831 2637 utrum
857 2575 923 2647 ipsa
948 2575 1039 2635 verba
1065 2593 1130 2634 cnm
1157 2576 1205 2634 ‘in’
1231 2575 1368 2648 negativo

190 2667 403 2742 componantur
425 2679 523 2721 necne.
566 2663 630 2723 Iam
651 2664 802 2724 videamus
825 2667 931 2733 cetera,
955 2677 1030 2733 qnae
1050 2661 1083 2720 P.
1105 2662 1261 2734 Langenus
1283 2659 1370 2721 affert

190 2745 228 2803 ad
247 2747 421 2806 sententiam
439 2766 522 2809 snam
540 2749 776 2822 confirmandam,
799 2749 944 2821 quomodo
963 2765 995 2807 55
1012 2747 1147 2807 habeant.
1182 2748 1226 2806 Ac
1243 2748 1369 2820 primurn

190 2831 310 2889 verbum
335 2831 473 2892 ‘infitiari’
488 2837 680 2908 compositum
698 2852 763 2895 esse
780 2833 931 2894 contendit
949 2850 984 2892 55
1002 2833 1050 2890 ‘in’
1063 2833 1199 2907 negativo
1217 2838 1247 2892 et
1265 2832 1370 2894 ‘fateri’

190 2917 295 2977 deinde
308 2918 394 2978 affert
407 2921 529 2980 verbum
543 2921 676 2981 ‘inderet’
688 2921 854 2979 Plinianum
869 2936 913 2993 ep.
923 2918 978 2992 ΠΙ,
989 2920 1016 2990 1,
1031 2920 1127 2978 inam
1141 2920 1260 2979 invenes
1273 2921 1369 2980 adhoc

189 3001 312 3061 confusa
326 3007 468 3076 quaedam
483 3011 512 3064 et
526 3008 610 3080 quasi
623 3008 744 3066 turbata
758 3022 817 3066 non
830 3004 979 3076 indecent;
989 3037 1028 3046 -
1039 3006 1178 3064 accedere
1188 3007 1267 3078 quod
1276 3006 1369 3077 ‘igno-

192 3092 282 3146 scere‘
292 3107 350 3148 non
364 3092 460 3162 possit
471 3092 602 3165 intellegi
616 3093 674 3152 nisi
683 3094 804 3153 verbum
818 3109 854 3150 55
863 3085 910 3149 ‘in'
920 3090 1056 3163 negativo
1067 3096 1096 3150 et
1105 3092 1243 3152 ‘noscere'
1252 3108 1369 3163 compo·

192 3173 289 3246 situm,
303 3181 391 3248 atque
405 3175 647 3250 significationem
656 3174 928 3250 verbi‘improbare’
934 3193 992 3236 non
1001 3177 1167 3236 consentire
1176 3194 1241 3235 cum
1251 3178 1371 3236 notione

193 3259 331 3319 adiectivi
348 3263 518 3336 ‘improbus’
535 3265 715 3338 propiusque
732 3263 871 3323 accedere
888 3263 927 3321 ad
945 3266 1013 3320 ‘non
1029 3263 1174 3334 probare’.
1192 3295 1232 3305 —

280 3346 337 3406 Sed
360 3348 386 3406 si
406 3347 444 3408 iis
467 3350 578 3422 verbis,
602 3366 676 3422 qnae
697 3351 862 3422 attulimus,
884 3353 967 3408 ratus
990 3352 1036 3407 est
1057 3349 1254 3408 demonstrari
1274 3365 1370 3419 posse,

193 3431 259 3504 ipsa
276 3433 366 3492 verba
387 3436 524 3507 componi
542 3452 607 3494 curn
625 3437 673 3495 ‘in'
690 3436 826 3508 negativo
849 3449 943 3506 neque
965 3433 1033 3493 duci
1051 3434 1088 3493 ab
1111 3433 1263 3494 adiectivis
1281 3449 1370 3505 nega·

193 3516 277 3590 tivis,
304 3533 355 3576 cur
382 3536 440 3578 non
466 3523 654 3594 proposuerit
681 3522 769 3580 etiam
795 3521 886 3581 verba
912 3520 1060 3592 ‘nequire’,
1086 3520 1180 3580 ‘nolle'
1206 3519 1371 3590 ‘indignari’

193 3601 266 3674 alia,
292 3621 352 3663 non
377 3604 566 3679 intellegitur.
610 3606 644 3664 In
671 3607 839 3667 universnm
861 3605 892 3665 P.
915 3606 1071 3678 Langenus
1097 3623 1156 3664 non
1182 3605 1268 3676 plane
1290 3611 1371 3664 recte

194 3688 268 3746 banc
296 3691 495 3761 quaestionem
521 3692 593 3752 mihi
618 3692 735 3754 videtur
761 3691 962 3766 explicavisse.
1015 3690 1223 3750 Offendendum
1250 3707 1315 3749 esse
1340 3691 1372 3749 in

194 3789 294 3831 eornm
313 3778 465 3850 sententia,
484 3779 533 3851 qni
550 3779 641 3838 verba
659 3778 794 3850 negativa
811 3777 913 3850 utiquo
926 3777 999 3849 ipsis
1013 3794 1050 3836 55
1062 3775 1214 3835 5515551515
1227 3776 1372 3847 negativis

196 3859 327 3920 derivata
345 3879 410 3921 5555
427 3864 618 3937 arbitrantur,
640 3865 712 3922 mibi
730 3880 845 3937 quoque
866 3879 1039 3935 persuasum
1056 3866 1108 3921 est.
1143 3861 1184 3920 Ut
1201 3860 1301 3920 verbis
1318 3862 1372 3920 ‘in-

194 3942 320 4004 firmare’
333 3947 522 4009 ‘indecorare’
535 3952 769 4011 ‘incommodare’
781 3949 912 4008 ‘nescire’
930 3949 980 4009 515
996 3946 1059 4007 lieri
1076 3949 1183 4020 potest,
1201 3947 1272 4018 quin
1289 3945 1371 4006 adie-

195 4030 273 4090 ctiva
286 4031 436 4094 ‘infirmus’
450 4035 623 4097 ‘indecorus'
635 4033 855 4098 ‘incommodus’
869 4034 1002 4094 ‘nescios'
1014 4032 1185 4093 subicienda
1203 4049 1267 4092 esse
1289 4037 1372 4106 pute·

195 4134 267 4188 mus,
281 4119 324 4178 ita
337 4120 483 4180 adiectiva
497 4123 595 4182 moltis
609 4122 746 4183 inverbis
756 4123 835 4182 velut
847 4122 969 4193 nequire
977 4120 1056 4178 nolle
1065 4119 1212 4191 negligere
1220 4119 1373 4190 ignoscere

195 4201 317 4262 infitiari
339 4207 526 4266 continentur
547 4213 661 4267 tantum
684 4209 771 4268 modo
792 4207 919 4280 logice,
942 4223 1001 4264 non
1023 4206 1257 4277 grammatice.
1297 4203 1371 4262 Nam

195 4287 323 4361 ‘nequeo'
338 4309 374 4352 ex
386 4295 515 4365 ‘nequus’
528 4295 574 4353 551
592 4295 719 4366 ‘nequis',
732 4290 819 4354 ‘nolo’
837 4310 873 4354 55
890 4291 1036 4364 ι5555155,
1050 4291 1185 4366 ‘negligo’
1203 4307 1240 4349 55
1252 4289 1372 4361 ‘neglex’

194 4373 333 4446 ‘ignosco’
361 4395 397 4436 55
423 4378 534 4451 ‘ignos’,
561 4376 689 4438 ‘infitior'
716 4396 751 4438 55
773 4377 902 4440 ‘infitias'
925 4379 1030 4438 ducere
1056 4374 1143 4437 nimis
1168 4375 1285 4438 videtur
1307 4389 1372 4434 5555
