3144 4862
682 316 891 380 ..42-

197 486 245 556 25,
269 487 286 544 5
310 483 435 544 ‘Uticam
457 488 583 560 adpulsi'
606 491 635 545 at
653 488 703 558 86,
721 487 741 544 4
764 487 888 560 ‚Uticam
912 485 1074 546 advehitur’
1096 489 1194 543 utrum
1216 485 1376 544 habeamus

196 576 373 629 structuram
395 572 551 631 verborum
573 573 758 632 transitivam
781 589 819 630 au
842 571 1039 630 accusativum
1062 570 1206 642 regionis,
1230 570 1278 642 qui
1302 569 1376 628 dici-

195 660 252 726 tur,
272 656 391 715 dubium
409 662 462 716 est.
483 691 522 700 -—
543 657 631 730 Apud
648 658 763 716 Livium
782 657 903 729 legimus
922 658 1069 714 ‘allatrare
1088 657 1174 728 alqd.’
1191 657 1250 730 (38,
1271 655 1321 724 54,
1338 654 1374 729 1).

195 741 352 799 Poetarum
379 743 502 814 propria
529 747 597 801 sunt
624 743 714 802 allabi
741 743 857 801 assilire
884 742 1023 800 advenire
1049 742 1155 801 advehi
1182 740 1287 798 5111555
1314 740 1376 814 (05.

197 833 264 886 met.
290 828 323 897 1,
346 827 417 902 542)
443 833 473 887 55
494 829 627 887 51155555
648 829 724 899 alqd.
760 829 817 887 Sed
840 827 967 887 omnium
989 827 1132 885 latissime
1154 825 1179 884 is
1202 843 1272 884 usus
1295 829 1377 896 55555
1415 886 1419 902 ,

198 914 277 985 5555
300 911 448 984 Tacitum,
476 914 525 986 qui
552 918 671 985 praeter
693 914 871 972 Sallustiana
897 913 949 970 illa
970 913 1124 971 ‘accedere’
1146 911 1293 972 ‘assidere'
1317 911 1377 969 ‘ad-

198 1084 353 1156 ‘appellere
370 1085 488 1142 terram’
506 1101 572 1142 ann.
590 1083 628 1154 ΙΙ,
649 1085 698 1155 25,
720 1084 908 1158 ‘appugnare’
925 1100 992 1142 555.
1009 1083 1049 1154 Π,
1063 1085 1102 1142 81
1118 1085 1250 1162 classem.
1272 1081 1321 1152 IV,
1335 1081 1376 1139 48

200 1175 307 1228 castra.
343 1169 406 1240 XV,
430 1170 468 1228 13
493 1170 651 1228 castellum.
684 1171 845 1228 ‘assultare'
867 1187 934 1227 ann.
957 1169 980 1241 Ι,
1003 1170 1041 1227 51
1070 1170 1164 1228 155555
1191 1173 1220 1227 55
1241 1167 1376 1226 frontem.

198 1253 374 1312 ‘adventare’
391 1271 458 1312 ann.
477 1253 526 1326 VI,
544 1254 586 1312 44
604 1255 769 1327 propinqua
788 1255 988 1314 Seleuciae-
1009 1259 1038 1313 et
1055 1255 1150 1326 poetis
1169 1252 1376 1327 praeeuntibus

198 1339 321 1398 ‘advehi’
343 1339 468 1410 anm-II,
484 1340 524 1398 45
548 1346 581 1398 55
604 1357 734 1412 quosque
756 1343 894 1401 advectus
913 1345 986 1398 erat.
1022 1357 1089 1398 ann.
1107 1339 1163 1412 ΠΙ,
1182 1341 1198 1396 1
1220 1339 1378 1413 Corcyram

197 1425 323 1482 insulam
345 1425 508 1484 advehitur.
548 1425 615 1486 hist.
638 1424 696 1497 ΙΙΙ,
721 1427 769 1484 24.
802 1427 836 1498 V,
858 1429 886 1487 6.
923 1426 1020 1485 Verbo
1044 1426 1259 1500 ‘propinquare’
1277 1443 1295 1483 a
1314 1423 1377 1482 Sal·

197 1510 286 1568 155515
308 1510 387 1586 (bist.
409 1509 460 1569 IV.
484 1512 523 1570 62
547 1510 615 1588 [20])
638 1515 667 1570 55
689 1511 792 1570 Tacito
814 1512 890 1590 (ann.
913 1511 978 1583 Xll,
1003 1511 1051 1587 13)
1073 1512 1256 1570 accusativus
1279 1516 1377 1569 utrurn

198 1597 237 1654 ad
260 1595 478 1654 similitudinem
501 1598 657 1656 verborum
680 1597 908 1669 compositorum
930 1597 1085 1656 adiunctus
1104 1597 1150 1668 sit,
1173 1613 1211 1654 55
1229 1598 1267 1656 55
1286 1597 1376 1663 signi-

197 1679 341 1740 ficandam
363 1682 521 1753 regionem,
544 1683 656 1741 dubito.
679 1715 718 1724 -

284 1765 330 1823 Ex
351 1766 388 1824 iis
411 1767 515 1840 igitur,
543 1785 616 1840 quae
638 1767 802 1840 attulimus,
830 1769 923 1827 515555
948 1769 1038 1827 555155
1065 1784 1130 1825 cum
1156 1767 1376 1840 praepositione

200 1853 255 1910 ‘ad’
282 1854 445 1924 composita
471 1869 557 1911 55555
584 1854 706 1926 5555515
733 1870 798 1911 5555
824 1854 992 1912 5555555155
1020 1854 1158 1925 coniungi
1180 1853 1336 1926 555551555
1358 1869 1376 1910 5

198 1937 345 1996 veteribus
364 1943 394 1996 et
411 1938 514 2011 poetis,
533 1940 658 2011 optimos
676 1943 774 1997 tamen
790 1940 948 2012 scriptores
963 1943 1141 1998 structuram
1154 1956 1255 1997 eorum
1269 1939 1377 1997 transi·

200 2023 290 2080 tivam
312 2024 483 2095 plerumque
504 2025 649 2095 reiecisse,
675 2024 733 2082 nisi
755 2025 791 2082 iis
817 2025 921 2090 inerat,
934 2043 1036 2084 sensus
1058 2027 1227 2083 translatus.
1269 2024 1377 2083 Poetas

202 2108 428 2179 Sallustiumque
451 2114 581 2168 veterum
600 2116 775 2168 sectatorem
793 2117 908 2169 secutus
927 2111 1091 2184 posterIore
1108 2115 1240 2184 tempore
1258 2110 1377 2168 Tacitus

200 2210 284 2252 usum
306 2211 406 2252 eorum
429 2195 617 2254 transitivum
639 2211 744 2267 magno
768 2212 856 2269 opere
878 2195 1075 2271 amplificavit.
1097 2228 1137 2239 -

287 2277 316 2356 2)
337 2280 376 2338 in.
415 2281 511 2352 Magis
543 2283 662 2353 vulgata
692 2287 738 2340 555
769 2286 918 2340 structura
949 2283 1105 2340 transitiva
1132 2283 1287 2341 verborum
1314 2296 1379 2338 cum

201 2365 420 2438 praepositione
447 2367 495 2424 ‘in’
522 2368 758 2440 compositorum.
801 2369 889 2441 Apud
915 2371 1028 2428 veteres
1055 2371 1173 2440 praeter
1199 2369 1290 2426 verba
1316 2368 1379 2424 vul-

201 2452 284 2520 garia
317 2449 400 2510 ‘inira
427 2451 557 2510 invenire
583 2454 722 2512 15555555
750 2453 916 2525 increpare*
937 2470 1002 2511 cum
1029 2453 1197 2512 accusativo
1224 2452 1380 2510 coniuncta

201 2536 376 2594 invenimus:
396 2538 563 2596 incumbere
582 2539 711 2610 gladium
729 2537 823 2597 Plaut.
843 2555 900 2597 ces.
920 2541 947 2610 2,
965 2539 995 2609 4,
1014 2541 1054 2597 23
1070 2571 1109 2580 -—
1125 2540 1276 2596 incursare
1294 2539 1379 2608 alqm.

200 2623 267 2680 rud.
292 2623 361 2682 722.
398 2623 480 2680 Asin.
504 2625 545 2682 34
569 2655 607 2666 -
632 2625 743 2682 instare
769 2625 847 2682 viam
868 2624 950 2682 Asin.
974 2625 1024 2683 54.
1060 2625 1148 2683 Ρ555.
1171 2626 1199 2696 4,
1223 2626 1251 2695 2,
1274 2625 1314 2682 96
1339 2656 1377 2664 -

200 2706 329 2764 insistite
358 2707 413 2766 hoc
441 2709 589 2779 negotium
617 2710 674 2768 mil.
699 2711 768 2768 929.
806 2710 892 2768 Luor.
916 2712 944 2780 1,
966 2711 1028 2770 406
1057 2728 1121 2768 cum
1149 2712 1237 2768 semel
1264 2710 1378 2766 instite-

200 2796 269 2849 runt
303 2793 427 2864 vestigia
458 2799 539 2852 55555
565 2795 633 2853 viai.
662 2828 701 2838 -
729 2795 866 2853 inlucere.
898 2795 1005 2853 Bacch.
1034 2797 1105 2882 2511.
1136 2829 1174 2837 -
1203 2795 1377 2852 inclamitor.

200 2875 287 2950 Epid.
312 2880 370 2936 711
398 2912 436 2920 -
460 2881 604 2938 155515555
626 2879 705 2939 15555
728 2882 857 2940 calcibus
880 2882 946 2940 Ter.
969 2881 1044 2939 Eun.
1065 2882 1135 2951 285,
1159 2882 1237 2952 quod
1259 2881 1378 2938 verbum

201 2980 288 3020 sensu
311 2965 455 3034 translato
478 2982 543 3022 cum
566 2966 732 3024 accusativo
755 2966 879 3037 iungunt
901 2966 1040 3038 15511155,
1064 2967 1219 3024 Sallustius
1241 2965 1319 3042 (bist.
1344 2965 1379 3022 t'r.

200 3049 255 3106 155.
266 3049 307 3107 83
317 3046 398 3126 [50]),
413 3050 532 3108 Tacitus
546 3051 621 3126 (ann.
631 3049 682 3122 IV,
692 3053 742 3110 59.
752 3051 804 3121 XI,
815 3051 875 3125 28.)
885 3036 923 3092 ’-
935 3051 1103 3123 impendere
1114 3051 1296 3110 Τ55.Ρ155555
1318 3053 1378 3108 180

201 3138 285 3204 tanta
311 3139 341 3191 te
368 3136 536 3208 impendent
558 3138 642 3195 mala.
678 3136 770 3195 Lucil.
793 3137 828 3196 fr.
852 3137 907 3194 inc.
931 3137 990 3196 98.
1016 3137 1101 3196 Lucr.
1126 3138 1152 3207 1,
1176 3138 1247 3195 326.
1272 3170 1309 3178 -
1335 3137 1379 3193 in·

201 3220 298 3278 sidere
319 3221 409 3280 Naev.
438 3237 510 3281 com.
532 3240 559 3281 v.
584 3225 643 3282 107
669 3239 785 3280 currum
808 3223 904 3300 (Ribb.
929 3223 1033 3300 curru).
1067 3223 1143 3281 Plin.
1167 3223 1195 3293 5,
1221 3224 1260 3282 69
1284 3222 1378 3293 Joppe

200 3305 378 3364 Phoenicum
401 3307 635 3374 insidetcollem
681 3309 748 3368 Tac.
773 3326 837 3366 5555.
861 3308 910 3380 iv,
934 3311 951 3366 5
977 3325 1151 3382 quamquam
1169 3308 1312 3367 insideret
1330 3324 1378 3364 ur-

201 3391 266 3449 bem
280 3391 426 3466 proprius
445 3394 546 3464 miles..
572 3394 639 3467 XII,
663 3396 702 3452 62
723 3396 838 3467 quando
857 3395 1163 3452 5515551551555555.
1183 3426 1220 3437 -
1241 3393 1379 3451 insidere.

202 3476 243 3534 01.
268 3477 407 3548 Quadrig.
430 3478 465 3538 fr.
491 3481 529 3537 12
552 3479 584 3539 Ρ.
606 3497 709 3552 agrum
730 3480 917 3553 PomptInum
940 3480 1116 3538 insederant.
1160 3479 1229 3539 Sall.
1253 3480 1320 3536 bist.
1343 3479 1379 3535 15.

201 3561 225 3620 I.
248 3560 350 3646 55110)
376 3575 491 3624 sacrum
524 3572 650 3624 montem
681 3570 769 3637 atque
796 3565 971 3624 Aventinum
1004 3563 1121 3624 insedit.
1162 3565 1183 3622 1.
1207 3566 1268 3623 108
1290 3566 1379 3640 (116).

202 3645 265 3707 L'iv.
288 3649 337 3721 35,
361 3651 410 3722 11,
430 3652 447 3708 2
471 3645 513 3708 al.
552 3650 651 3709 Senec.
673 3651 781 3709 Phoen.
803 3652 863 3708 122
888 3667 997 3708 saxum.
1020 3652 1089 3709 Tac.
1111 3667 1177 3708 ann.
1198 3650 1219 3720 1,
1239 3651 1278 3709 63
1302 3666 1379 3706 cam-

203 3750 272 3805 pum
295 3751 379 3806 quem
401 3735 495 3810 hostis
518 3737 675 3794 insederat.
710 3736 778 3808 XII,
801 3738 841 3796 43
865 3735 1008 3794 insessum
1038 3737 1110 3794 diris
1132 3736 1235 3795 avibus
1259 3735 1380 3808 Capito-

202 3817 273 3878 lium
301 3825 329 3878 et
356 3838 442 3894 saepe
463 3821 527 3900 (cfr.
554 3821 766 3895 Nipp-Andr.
798 3823 845 3880 ad.
878 3838 945 3880 ann.
972 3821 1043 3895 XII,
1070 3822 1128 3898 64).
1177 3821 1251 3879 Ρ115.
1278 3838 1381 3894 paneg.

204 3906 289 3974 26,1
318 3906 389 3965 vias.
417 3940 459 3950 -
487 3907 637 3966 insinuare
663 3905 749 3966 Lucr.
773 3909 804 3979 1,
827 3908 889 3965 408
922 3923 1022 3966 caecas
1053 3909 1192 3966 latebras.
1237 3905 1302 3965 Liv.
1332 3907 1382 3976 44,

203 3990 253 4060 41,
275 3991 304 4048 8.
322 4025 367 4042 .-
392 3994 531 4054 incubare
554 3993 638 4054 Varr.
662 3994 688 4052 d.
711 4011 734 4052 r.
757 4011 780 4052 r.
804 3993 832 4064 3,
855 3995 883 4064 9,
906 3995 925 4052 8
948 3993 1074 4071 (5555155
1096 3993 1126 4049 15
1149 3993 1295 4052 155551555
1317 3997 1383 4051 ‘ova

206 4075 373 4154 incubare’).
397 4111 437 4122 -

290 4161 401 4234 Optimi
432 4165 590 4237 scriptores
621 4164 776 4226 transitive
802 4165 943 4226 adhibere
970 4166 1064 4224 solent
1090 4163 1206 4236 ingredi
1232 4164 1309 4222 inire
1335 4163 1383 4222 iu·

205 4249 304 4307 555155
330 4247 471 4309 15555555
496 4250 594 4309 1555151
620 4250 792 4325 impugnare
814 4252 959 4310 insistere.
1003 4250 1184 4322 Increpitare
1206 4250 1293 4321 alqm.
1312 4250 1385 4321 legi-

207 4353 270 4394 mus
289 4337 367 4409 apud
386 4335 459 4395 0555
486 4337 514 4394 b.
533 4353 560 4408 g.
581 4339 608 4409 2,
628 4339 677 4409 15,
695 4339 722 4394 5.
742 4369 781 4379 -
801 4337 963 4410 irrumpere
981 4353 1004 4393 c.
1022 4352 1081 4394 acc.
1095 4340 1191 4394 exstat
1207 4335 1285 4410 apud
1300 4337 1385 4395 eund.
