3144 4862
671 325 881 389 ,21-

189 499 324 576 piorum
364 497 1366 559 ‘collidens-continens·minoens·movens·terminans·vertens-vol·

189 588 269 645 rens'
290 583 513 658 reflexivum‘,
540 585 589 658 qui
616 603 634 643 a
659 591 741 644 recta
766 585 905 656 loquendi
929 586 1138 644 consuetudine
1164 602 1223 643 non
1246 585 1366 662 recedit,

189 690 261 730 cum
287 690 350 729 usu
378 673 521 745 passivo
548 670 770 744 participiorum
796 671 926 730 ‘initians
953 670 1047 747 (Vitr.)
1078 672 1239 730 intolerans
1270 668 1365 747 (Tac),

188 757 887 817 eiaculans·amantissimus·desiderantissimus
909 753 1076 832 (inscripti,
1104 757 1154 829 qui
1176 773 1245 815 usus
1274 756 1365 829 perti-

189 844 331 918 cipiorum
362 843 495 917 passivus
526 861 590 916 pro
622 842 712 902 vitio
744 843 919 903 sermonis
947 843 1105 915 vulgaris
1133 843 1284 901 habendus
1312 846 1366 903 θεῖ.

188 929 334 989 ‘Volvens’
355 929 416 989 sive
447 929 582 1001 adiungis
610 929 707 987 medio
730 930 833 999 ‘volvi’,
855 935 889 987 ut
909 929 1004 1000 Neue,
1031 929 1093 988 sive
1114 928 1210 987 activo
1234 929 1367 999 ‚volvero’

189 1016 326 1075 reflexive
348 1015 490 1086 adhibito,
514 1017 591 1086 quod
614 1031 672 1074 non
693 1014 789 1074 minus
812 1019 923 1073 rectum
950 1020 995 1074 θεῖ
1016 1015 1118 1086 utique
1141 1015 1230 1075 babet
1252 1030 1367 1073 sensum

189 1102 367 1172 rodericum,
390 1101 458 1162 item
475 1099 760 1160 ‘minuens-vertens
778 1105 832 1160 eto.
852 1135 891 1143 —
909 1100 1076 1160 Reflexivns
1095 1117 1197 1160 sensus
1220 1116 1258 1158 an
1280 1100 1368 1158 etiam

188 1187 347 1263 participio
369 1187 537 1259 ‘gignentia'
559 1187 745 1247 subiciendus
769 1187 816 1259 sit,
840 1187 951 1246 dubito.
995 1188 1052 1247 sed
1076 1187 1180 1246 ceteris
1202 1184 1366 1260 participiis

189 1273 1002 1332 ‘initians-intolerans-eiaoulans-amans-desiderans‘
1033 1273 1234 1331 tantummodo
1266 1288 1367 1330 sensus

190 1361 287 1418 inesse
307 1363 403 1433 potest
425 1360 570 1434 passivum
594 1361 697 1418 horum
720 1359 812 1430 igitur
832 1376 902 1416 usus
925 1359 962 1417 ab
984 1359 1043 1416 illis
1062 1356 1286 1429 distinguendus
1306 1357 1364 1416 dis-

191 1447 412 1518 cernundusque
437 1451 489 1505 est.
511 1445 634 1505 Accedit
661 1448 752 1518 quod,
779 1448 812 1502 ut
838 1444 896 1503 iam
919 1461 1008 1517 supra
1034 1443 1133 1516 attigi,
1161 1443 1250 1502 etiam
1274 1443 1371 1503 activa

192 1532 348 1590 ‘continere
356 1531 377 1608 1)
399 1528 831 1591 ·minnere-vertere·volvere'
857 1530 922 1604 ipsa
950 1545 1065 1602 quoque
1094 1531 1206 1589 habent
1232 1529 1291 1588 vim
1323 1547 1369 1588 re-

191 1618 337 1689 flexivam,
361 1635 434 1690 quae
456 1618 500 1678 vis
526 1619 604 1676 unde
628 1622 693 1677 orta
719 1619 770 1688 sit,
797 1622 896 1675 utrum
925 1615 1092 1690 acceperint
1115 1633 1179 1675 eam
1206 1622 1369 1687 tumeam

191 1705 352 1763 mediorum
370 1704 482 1762 formae
499 1703 679 1762 transierunt
697 1705 727 1762 in
747 1720 863 1762 sensum
878 1702 1033 1777 passivum,
1052 1719 1090 1759 an
1104 1701 1250 1761 traxerint
1264 1719 1298 1761 ex
1312 1719 1367 1761 usu

192 1791 336 1861 absoluto,
354 1792 410 1848 hoc
429 1792 494 1849 loco
513 1808 571 1848 non
590 1791 786 1861 quaerendum
806 1794 858 1848 est.
889 1786 1028 1847 ‘Movens'
1042 1793 1140 1847 autem
1163 1792 1192 1846 et
1210 1788 1369 1847 ‘collidens'

193 1877 231 1934 ad
259 1874 424 1948 analogiam
456 1876 661 1947 mediorum,
694 1892 781 1947 quae
807 1874 1003 1948 participia
1029 1874 1229 1948 praesentis
1256 1874 1369 1932 activi

194 1962 264 2020 sibi
282 1961 565 2040 vindicaverunt,
587 1963 630 2021 ita
652 1961 785 2021 adhibita
803 1978 866 2020 esse
884 1961 1015 2034 putanda
1029 1963 1104 2032 sunt,
1124 1959 1259 2032 qnoniam
1273 1960 1369 2018 activa

191 2049 326 2106 ‘movere'
347 2053 376 2106 θῖ
397 2048 553 2107 ‘collidere'
574 2065 715 2119 nusquam
737 2047 874 2105 videntur
899 2045 1036 2104 reflexive
1063 2062 1127 2104 esse
1153 2050 1303 2118 usurpata.
1327 2079 1366 2086 —

211 2177 214 2182 .
277 2132 308 2192 Is
317 2134 407 2204 igitur
415 2151 486 2192 usus
499 2133 720 2207 participiorum
734 2132 890 2191 reflexivns
904 2149 940 2190 ne
950 2131 1144 2205 scriptoribus
1155 2132 1269 2202 quidem
1283 2147 1368 2189 rarus

192 2225 249 2290 est;
271 2224 389 2293 praeter
410 2236 452 2292 ea,
476 2236 550 2290 quae
567 2220 715 2280 Usenerus
737 2219 844 2289 attulit,
867 2218 924 2275 huc
941 2217 1102 2291 pertinent:
1134 2215 1193 2275 Cic.
1212 2217 1248 2274 de
1267 2234 1308 2275 or.
1326 2215 1365 2287 ΙΙ,

193 2307 254 2365 278
276 2303 344 2380 (vid.
372 2304 460 2380 supr.)
486 2304 599 2364 ‘ceteris
626 2305 656 2362 in
684 2321 785 2378 campo
813 2304 1030 2362 exercentibus'.
1078 2302 1174 2361 Plaut.
1196 2301 1277 2359 Asin.
1304 2302 1366 2361 403

193 2391 343 2464 quassanti
361 2390 465 2464 capite.
486 2390 593 2451 Bacch.
612 2391 683 2450 305.
707 2391 789 2449 Coeo.
809 2405 881 2447 eom.
901 2391 959 2448 271
973 2388 1143 2460 quassantia
1158 2387 1263 2462 capita
1282 2387 1367 2460 Verg.

193 2479 299 2548 Georg.
312 2477 335 2548 Ι,
353 2477 392 2535 74
407 2477 514 2550 siliqua
533 2483 696 2549 quassante.
716 2475 767 2535 cfr.
785 2476 865 2535 Serv.
881 2475 919 2532 ad
937 2475 1008 2532 Aen.
1024 2475 1048 2533 Ι.
1065 2475 1134 2533 234.
1153 2472 1222 2531 ‘Alii
1240 2507 1279 2515 —
1300 2475 1369 2545 qnia

195 2561 291 2623 deficit
320 2563 421 2634 lingua
451 2563 543 2622 latina
569 2562 726 2638 participio
753 2561 901 2636 praesenti
929 2559 1048 2634 passivo
1075 2576 1214 2634 praesens
1241 2559 1367 2619 activum

191 2651 319 2723 positum
341 2649 443 2707 volunt
464 2681 504 2692 —
528 2655 560 2706 ut
581 2647 728 2707 volventia
753 2649 886 2724 plaustra
908 2651 937 2705 et
964 2646 1070 2717 siliqua
1097 2651 1266 2718 quassante,
1295 2662 1368 2718 quae

192 2736 365 2807 quassatur'.
384 2768 423 2778 -
443 2734 519 2793 adde
537 2735 625 2792 schol.
647 2735 755 2792 Lucan.
774 2753 802 2807 p.
822 2734 891 2804 175,
911 2734 950 2791 23
970 2733 1140 2806 quassantia
1158 2731 1259 2790 limina
1277 2766 1316 2773 —
1335 2737 1368 2790 ut

191 2821 339 2881 volventia
357 2822 496 2894 plaustra.
518 2853 556 2862 -
575 2819 670 2878 Plaut.
689 2826 764 2893 capt.
795 2821 858 2878 814
881 2818 1023 2876 crucianti
1046 2819 1184 2876 canterio.
1206 2818 1307 2876 Front.
1330 2820 1368 2877 ad

192 2907 276 2966 amic.
295 2907 319 2978 I,
335 2908 372 2965 15
392 2926 419 2981 p.
436 2908 505 2978 184,
522 2909 560 2966 16
575 2907 610 2964 N.
624 2906 762 2964 membris
777 2904 985 2964 cruciantibus.
999 2937 1038 2946 ——
1054 2903 1094 2962 id.
1109 2905 1145 2962 de
1160 2905 1226 2962 bell.
1239 2904 1368 2962 Parthie.

192 3013 218 3067 p.
234 2996 305 3063 220,
319 2995 337 3053 6
352 2994 386 3051 Ν.
408 2992 577 3067 Polycrates
596 2997 698 3065 captus
716 2991 746 3049 in
765 3008 879 3049 crucem
898 2991 1030 3050 sublatus
1049 2993 1102 3060 est,
1120 2989 1163 3048 ita
1182 2989 1209 3047 ei
1224 2990 1366 3048 crucianti

192 3080 335 3138 somnium
362 3079 535 3152 expeditum.
559 3111 598 3119 -
621 3077 695 3135 Plin.
713 3095 740 3135 n.
758 3079 786 3135 h.
806 3077 854 3148 35,
874 3078 892 3135 3
920 3077 1017 3150 spatia
1044 3075 1152 3133 montis
1180 3076 1210 3133 in
1233 3076 1368 3134 cubiculo

192 3163 354 3224 dilatantia.
394 3165 546 3222 Accedunt
567 3161 724 3236 participia
746 3162 864 3222 evidens
887 3162 1019 3220 animans
1042 3177 1160 3220 comens
1183 3161 1367 3221 corniculans

192 3252 320 3310 stellans.
344 3283 382 3291 —

278 3337 370 3396 Usum
402 3335 622 3406 participiorum
649 3334 812 3406 praesentis
840 3332 929 3392 activi
954 3333 1115 3404 passivum,
1148 3332 1197 3404 qui
1224 3333 1365 3392 sermonis

191 3423 329 3495 proprius
356 3425 401 3481 est
427 3420 569 3492 vulgaris,
601 3419 679 3491 apud
703 3419 861 3491 scriptores
884 3435 1005 3490 perraro
1028 3418 1200 3477 invenimus.
1240 3418 1283 3476 Ao
1304 3419 1365 3490 pri-

191 3526 268 3567 mum
300 3507 485 3567 refutandum
513 3510 558 3565 est
589 3505 762 3577 exemplum,
794 3505 872 3576 quod
902 3503 1050 3563 Usenerus
1082 3505 1182 3562 attulit
1207 3521 1243 3562 ex
1269 3504 1365 3564 Plinio

191 3596 315 3665 minore,
341 3593 393 3652 ubi
415 3592 615 3664 participium,
643 3591 799 3649 ‘audentia’
821 3589 937 3662 passive
958 3589 1076 3648 videtur
1097 3607 1161 3669 esse
1183 3594 1364 3660 usurpatum.

190 3680 304 3739 Revera
325 3679 435 3738 babere
457 3678 488 3736 id
506 3696 621 3737 sensum
639 3677 765 3736 activum
784 3694 819 3735 ex
837 3675 909 3734 locis
927 3675 982 3746 his,
1002 3693 1075 3747 qnos
1094 3675 1265 3747 simpliciter
1284 3676 1365 3734 iuxta

191 3767 284 3838 posui,
307 3770 442 3837 apparet:
465 3765 563 3836 Quint.
586 3764 654 3835 XII,
675 3765 714 3822 10
736 3780 832 3822 nonne
854 3761 899 3820 his
921 3761 1010 3820 latior
1033 3767 1063 3820 et
1078 3762 1238 3821 audentior
1260 3766 1290 3820 et
1313 3780 1363 3820 ex-

192 3853 296 3911 celsior
319 3849 519 3929 (Aeschineslr
558 3850 626 3909 Tac.
649 3849 717 3908 dial.
740 3865 763 3906 c.
788 3850 836 3907 14.
874 3847 1004 3906 Materni
1026 3864 1080 3919 pro
1103 3847 1279 3907 carminibus
1303 3849 1363 3908 suis

190 3938 269 3995 laeta
290 3970 329 3980 —
355 3943 384 3995 et
409 3936 565 3995 audentior
592 3941 621 3994 θῖ
647 3940 800 4008 poetarum
827 3950 913 4006 qnam
940 3937 1090 3992 oratorum
1113 3933 1236 3991 similior
1260 3935 1363 3994 oratio.

190 4022 263 4081 Plin.
283 4040 326 4094 ep.
344 4023 396 4094 IX,
411 4023 459 4093 26,
475 4024 493 4081 5
513 4021 582 4093 quia
598 4022 677 4081 risus
696 4037 727 4079 es
745 4021 817 4078 mihi
834 4021 865 4077 in
883 4020 1001 4091 scriptis
1020 4019 1090 4077 meis
1105 4019 1261 4078 adnotasse
1275 4036 1363 4090 quae·

192 4110 258 4167 dam
280 4113 313 4166 ut
335 4109 460 4179 tumida,
483 4125 557 4180 quae
579 4107 634 4179 s'go
657 4107 805 4178 sublimia,
827 4112 860 4165 ut
882 4106 1028 4177 improba,
1052 4121 1201 4177 quaerego
1224 4106 1364 4165 audentia

191 4229 232 4238 -
250 4194 427 4255 arbitrabar.
448 4227 485 4236 -
506 4195 562 4254 Sed
584 4193 629 4264 iis,
653 4209 726 4264 quae
744 4194 892 4252 Usenerus
914 4195 994 4249 recte
1016 4190 1123 4263 attulit,
1146 4191 1237 4252 addo:
1267 4192 1360 4250 Lucil.

260 4377 281 4444 ¹)
298 4381 377 4430 Plaut.
396 4377 473 4430 Stich.
490 4395 513 4428 v.
534 4377 584 4432 452
602 4393 646 4442 per
663 4377 761 4427 bortum
780 4383 883 4440 utroque
902 4382 1057 4425 commeatus
1075 4377 1189 4428 continet.
