3144 4862
578 311 790 376 ..17-

545 511 578 578 0.
613 513 665 580 llo
687 511 824 580 Verbis.

7 717 11 726 ,
184 655 212 731 1)
245 656 377 714 Sallustii
407 654 558 727 Tacitiqua
593 655 732 727 proprius
763 660 808 714 est
842 671 925 714 usus
955 656 1054 714 verbi
1085 658 1275 727 ‚occanere’

2 734 11 812 ἶ,
102 743 171 802 locis
186 743 249 801 his:
272 742 340 800 Sall.
358 740 424 799 hist.
444 741 467 799 Ι.
487 744 525 800 71
544 741 605 818 (69)
622 741 784 800 cornicines
804 746 1008 802 occanuerunt.
1027 739 1063 800 fr.
1085 743 1141 801 inc.
1159 745 1200 802 82
1223 743 1275 802 Kr.

3 825 10 898 ¹.
103 845 211 889 cornua
237 832 443 888 occanucrunt.
487 828 555 886 Tac.
583 844 648 886 anu.
675 825 719 898 Π,
741 828 780 885 81
805 843 965 885 occauuere
991 843 1109 886 cornua.
1136 861 1175 872 -
1204 830 1275 888 Rei-

2 896 9 999 Ἐ
104 913 222 991 sigius1)
242 913 413 974 Sallustium
440 913 495 970 hoc
517 913 637 971 verbum
664 911 783 972 finxisse
809 918 891 971 ratus
919 917 964 970 est
989 915 1029 972 ad
1054 911 1276 985 significandum

3 1041 29 1082 ,st
103 1002 215 1072 plenum
237 1016 379 1058 cornuum
401 999 578 1070 clangorem,
606 997 652 1057 cui
674 997 797 1070 Reisigii
820 999 981 1057 sententiae
1001 997 1159 1075 Haasiusi)
1180 1002 1276 1071 addit,

105 1086 269 1145 Sallustium
301 1085 413 1144 cavisse
438 1085 508 1143 mali
535 1084 639 1144 ominis
666 1084 814 1142 notionem
844 1084 927 1143 verbi
959 1084 1091 1143 occinere
1116 1087 1275 1157 propriam.

2 1234 4 1242 ,
104 1171 175 1247 (Liv.
192 1172 241 1242 Vl,
263 1172 312 1242 41,
333 1172 362 1229 8.
400 1170 437 1248 X,
460 1170 509 1242 40,
534 1169 599 1246 la).
622 1203 661 1214 -
686 1170 865 1242 Quamquam
887 1169 1045 1242 praecipue
1065 1170 1189 1242 Reisigii
1210 1189 1275 1230 sen·

3 1251 27 1324 ,¹
105 1257 227 1316 tentiam
257 1257 374 1314 multum
405 1256 514 1315 habere
544 1255 764 1328 probabilitatis
790 1273 849 1314 nou
875 1271 962 1327 nego,
992 1261 1090 1317 tamen
1116 1257 1276 1328 quaeritur,

21 1288 27 1415 Ι
109 1359 178 1399 num
198 1341 263 1400 talis
280 1343 362 1402 verbi
380 1343 535 1414 compositi
556 1341 695 1400 formatio
717 1342 797 1400 haud
817 1341 861 1400 ita
878 1342 1046 1401 convenerit
1062 1342 1187 1415 linguae.
1217 1342 1276 1402 Vo-

21 1418 26 1485 l
113 1427 186 1485 cales
197 1429 347 1487 verborum
365 1429 396 1486 in
414 1427 625 1500 compositione
639 1431 736 1485 utrum
751 1426 941 1486 debilitentur
958 1444 996 1486 an
1014 1429 1118 1500 plenae
1130 1429 1277 1488 retinean-

21 1498 26 1523 '
114 1517 167 1584 tur,
185 1512 399 1586 compositionis
417 1512 509 1584 ipsius
528 1513 696 1573 erratione
713 1514 857 1586 modoque
875 1518 975 1584 aptum
989 1529 1054 1596 esse
1068 1515 1139 1574 satis
1153 1519 1277 1574 constat.

19 1616 23 1649 ι
116 1598 144 1656 Si
161 1601 275 1660 uerbum
298 1600 490 1671 compositum
512 1605 633 1659 accentu
656 1599 801 1658 communi
823 1599 1042 1675 continebatur,
1064 1601 1173 1660 vocalis
1195 1600 1278 1660 verbi

19 1710 22 1737 l
111 1684 270 1758 plerumque
287 1685 403 1744 solebat
420 1685 581 1755 debilitari;
605 1685 650 1743 sin
673 1689 769 1744 autem
788 1685 919 1756 singulae
936 1683 1019 1743 verbi
1037 1686 1192 1756 compositi
1209 1703 1277 1758 par·

111 1775 151 1828 tes
173 1771 216 1830 sui
239 1787 371 1842 quaeque
396 1777 532 1830 accentus
559 1771 707 1843 paululum
719 1769 925 1840 eminuerunt,
947 1770 1067 1828 verbum
1089 1771 1184 1843 ipsum
1206 1772 1277 1831 reti-

110 1857 193 1916 nebat
209 1858 338 1917 vocalem
356 1858 478 1928 plenam.
506 1857 590 1916 Unde
608 1854 648 1927 fit,
666 1861 699 1914 ut
715 1857 805 1915 verba
823 1872 888 1915 cnm
906 1854 1173 1927 praepositionibus
1191 1858 1277 1917 unius

109 1943 232 2016 syllabae
254 1943 417 2014 composita
433 1943 548 2002 vocales
570 1943 698 2001 habeant
720 1943 889 2014 plerumque
912 1941 1088 2013 debilitatae,
1110 1948 1213 2001 contra
1235 1961 1278 2014 ea,

109 2029 210 2099 quibus
228 2029 462 2104 praepositiones
482 2029 605 2088 duarum
623 2028 800 2102 syllabarum
818 2029 1002 2099 antecedunt,
1019 2029 1128 2100 plenas.
1160 2029 1217 2088 Sed
1230 2029 1280 2088 vix

109 2115 166 2172 ulla
186 2114 246 2173 alia
266 2115 297 2173 in
314 2131 347 2172 re
368 2114 496 2186 linguam
514 2115 635 2173 latinam
653 2113 760 2175 scimus
783 2114 857 2173 adeo
875 2112 933 2173 sibi
950 2131 1009 2173 non
1027 2118 1170 2185 constare,
1193 2130 1279 2186 quam

19 2246 21 2263 .
109 2200 138 2257 in
157 2201 225 2272 hac,
239 2199 294 2276 ita
315 2207 349 2258 ut
371 2200 445 2259 certi
466 2199 578 2272 aliquid
598 2199 730 2272 praecipi
751 2217 810 2258 non
831 2198 938 2272 possit,
961 2199 1039 2272 quod
1062 2200 1177 2271 quidem
1200 2200 1280 2259 cadit

110 2302 170 2344 cum
198 2291 310 2346 ceteras
337 2284 368 2344 in
394 2285 509 2344 litteras
531 2291 593 2344 tum
619 2285 744 2344 maxime
766 2285 796 2343 in
818 2302 837 2343 a
857 2285 995 2346 litteram.
1038 2283 1280 2363 Brambacbius⁸)

112 2371 243 2442 quoniam
270 2371 419 2444 exposuit,
448 2388 533 2445 quam
560 2387 666 2444 magna
689 2370 728 2430 sit
750 2370 949 2431 inconstantia
969 2371 1087 2442 linguae
1108 2370 1139 2429 in
1161 2387 1279 2454 compo-

111 2456 211 2516 sitione
228 2475 328 2516 eorum
346 2458 511 2530 verborum,
533 2459 564 2516 in
582 2457 686 2530 quibus
705 2473 724 2514 a
741 2456 840 2515 littera
862 2461 991 2516 mutatur
1014 2472 1078 2514 cum
1095 2474 1112 2515 e
1128 2457 1278 2530 (consecro

112 2547 140 2600 et
156 2559 300 2615 consecro,
318 2547 468 2602 contracto
487 2547 517 2602 et
530 2547 689 2614 contrecto,
707 2546 865 2614 praecauto
884 2547 913 2601 et
931 2546 1087 2615 praecauto
1106 2541 1153 2618 ab)
1169 2542 1279 2616 pergit:

108 2628 239 2700 „llbeuso
263 2629 344 2700 gicht
364 2646 395 2688 es
413 2629 651 2701 Schuanhungen
673 2628 816 2688 zwiscbeu
838 2630 894 2689 deu
915 2629 1159 2700 ursprunglicbon
1175 2630 1202 2690 A
1220 2630 1280 2689 und

108 2716 158 2774 der
178 2715 419 2787 Absonwaonung
445 2714 468 2773 I.
517 2715 555 2774 So
582 2716 634 2774 hat
659 2731 727 2773 man
752 2713 834 2773 nicht
860 2731 917 2773 nur
938 2714 968 2772 in
994 2713 1202 2774 minderfesten
1223 2716 1280 2774 Zu-

107 2806 395 2873 sammensetzungen
416 2800 451 2872 A,
473 2799 526 2859 wie
548 2799 696 2873 perfacilis
719 2799 812 2858 neben
835 2797 975 2871 difficilis,
1003 2801 1164 2873 posthabeo
1187 2802 1280 2861 nebeu

105 2887 255 2959 perhibeo,
276 2888 404 2946 sondern
427 2886 592 2959 uberhaupt
615 2886 784 2946 erscheinen
807 2885 854 2944 die
875 2887 1091 2958 Umlautungeu
1114 2905 1150 2946 zu
1171 2887 1197 2946 Ε
1220 2888 1280 2947 und

103 2972 118 3029 Ι
140 2973 224 3031 nicht
249 2974 324 3031 uach
351 2972 538 3032 bestimmten
565 2972 734 3032 Gesetzen.“
756 3003 796 3014 -
819 2971 922 3044 Neque
948 2972 979 3031 in
1005 2971 1176 3045 compositis
1197 2973 1280 3032 verbi

102 3075 210 3118 canere
228 3059 303 3118 hauc
321 3058 548 3117 inconstantiam
567 3059 778 3119 desideramus:
802 3057 859 3117 etsi
876 3057 953 3116 euim
971 3058 1062 3118 multo
1081 3058 1220 3118 usitatior
1237 3064 1282 3118 est

101 3143 270 3210 debilitatio
292 3161 311 3202 a
332 3143 450 3202 litterae
475 3143 506 3202 in
528 3145 539 3202 i
560 3143 716 3218 (accipere,
737 3143 904 3215 concinere,
932 3144 1078 3222 occinere,
1104 3143 1282 3217 praecinere,

100 3230 269 3306 succinere),
283 3235 381 3289 tamen
394 3247 412 3286 a
425 3229 553 3288 litteram
568 3228 690 3288 retineri
703 3246 762 3288 non
775 3228 939 3288 inauditum
955 3235 1006 3288 est.
1029 3231 1114 3290 Varr.
1123 3231 1142 3288 l.
1151 3231 1170 3290 l.
1180 3229 1229 3290 VI.
1241 3232 1280 3290 75

100 3317 151 3375 VI.
169 3317 209 3374 75
229 3319 437 3378 commemorat
453 3316 544 3374 verba
561 3314 693 3374 ‘acuarit'
711 3320 740 3374 et
754 3313 910 3382 ‘succanit’.
940 3315 1036 3376 Plinio
1054 3316 1160 3376 maiori
1178 3315 1208 3372 in
1226 3307 1282 3377 usu

13 3436 15 3465 ι
100 3406 172 3460 suut
192 3401 283 3460 verba
297 3402 420 3459 ‘recauo’
434 3405 463 3459 et
479 3401 651 3472 ‘praecano’,
670 3415 792 3471 quorum
810 3393 882 3459 illud
900 3405 997 3460 exstat
1014 3400 1045 3460 in
1062 3402 1130 3462 nh.
1146 3403 1195 3472 10,
1211 3404 1280 3462 102.

24 3489 28 3502 '
101 3489 152 3559 28,
169 3489 208 3546 19
224 3490 254 3544 et
266 3487 325 3546 iam
344 3488 422 3558 apud
435 3487 522 3558 Verg.
541 3487 594 3545 cul
608 3504 634 3545 v.
650 3486 698 3558 13,
713 3486 768 3544 hoc
783 3487 832 3556 29,
847 3487 897 3545 69.
911 3519 950 3528 -
966 3486 1050 3558 Quod
1069 3487 1093 3546 si
1111 3487 1280 3546 Sallustium

101 3576 143 3633 ad
162 3569 384 3644 significandum
403 3588 542 3632 cornuum
561 3573 726 3644 clangorem
740 3571 860 3629 verbum
874 3573 1032 3631 ‘occanere’
1046 3573 1219 3644 praetulisse
1237 3573 1281 3631 illi

101 3658 193 3717 alteri
211 3675 270 3716 uon
287 3657 481 3730 improbabile
499 3663 551 3730 est,
569 3662 666 3716 tamen
680 3657 795 3717 vocales
813 3656 845 3716 in
857 3657 956 3717 verbis
975 3657 1144 3730 compositis
1162 3658 1280 3718 omnino

99 3762 163 3804 non
185 3760 249 3802 esse
276 3748 419 3804 tractatas
442 3749 523 3804 certa
545 3761 580 3802 ex
602 3759 705 3802 norma
727 3758 786 3800 uon
812 3744 1021 3816 neglegendum
1042 3747 1095 3802 est
1118 3775 1157 3785 —
1180 3743 1280 3803 Minus

101 3829 263 3901 singularis
287 3834 332 3888 est
352 3847 421 3890 usus
444 3829 594 3902 participii
612 3825 812 3901 ‘superiectas'
832 3828 970 3890 Sallustio
988 3829 1065 3902 (hist.
1083 3826 1121 3886 H.
1140 3829 1180 3888 83
1199 3829 1279 3908 [81]),

99 3914 201 3975 Plinio
222 3915 281 3992 (11,
302 3915 381 3992 270),
403 3915 506 3974 Tacito
528 3914 605 3989 (hist.
623 3914 678 3986 ΠΙ,
698 3917 746 3976 29.
769 3915 803 3987 V,
822 3914 852 3993 6)
873 3913 984 3974 usitati
1007 3945 1046 3958 ·-
1307 3939 1310 3946 ·

192 4003 220 4077 2)
241 4001 293 4058 Ex
314 3999 434 4059 verbis
461 3999 693 4071 incohativis,
721 4015 795 4072 quae
816 4004 974 4070 ¹vocantur,
998 3999 1108 4058 habent
1130 4015 1280 4058 commune

102 4087 227 4146 verbum
250 4084 419 4146 ‘insolesoo'.
459 4085 526 4143 Sall.
550 4085 611 4145 Cat.
636 4088 663 4157 6,
687 4090 714 4146 7.
741 4086 802 4146 Tir.
824 4102 871 4158 ap.
894 4085 967 4146 Gall
990 4083 1058 4156 VII,
1081 4085 1109 4157 3,
1134 4086 1181 4145 15.
1212 4086 1280 4144 Tac.

176 4220 196 4285 ¹)
212 4221 309 4270 Vcrles.
326 4237 350 4284 p.
369 4217 426 4271 252.
446 4245 478 4254 -

2 4335 4 4375 l
174 4289 195 4351 ¹)
212 4289 304 4338 hnmh.
322 4304 355 4338 au
371 4288 465 4350 Reisig.
483 4287 524 4337 Νι.
543 4285 600 4340 294.
622 4311 651 4322 -

3 4394 4 4429 ι
176 4358 196 4420 ³)
212 4356 332 4420 Nessea.
352 4357 395 4408 der
413 4357 454 4408 lut.
473 4354 588 4418 Orthaga
607 4369 631 4417 p.
650 4351 691 4404 7&

1057 4438 1075 4490 2
