3144 4862
666 345 876 409 -12..

186 518 244 579 Oio.
258 535 313 592 pro
327 517 395 578 Sub.
406 518 455 578 30.
478 517 535 578 Sed
544 518 664 578 verbum
673 513 1055 590 ‘inapparatio'Oornificius
1064 517 1128 577 loco
1138 517 1258 577 laudato
1268 516 1360 590 finxit,

186 610 219 665 ut
233 608 395 677 opponeret
412 605 502 665 verbo
517 603 702 678 ι4444444144
720 603 811 664 verba
829 607 925 663 autem
939 600 1081 663 ‘infinitio’
1095 608 1124 663 et
1138 600 1360 665 ‘immoderatio'

186 691 369 751 substantiva
395 707 463 758 vere
488 688 620 750 verbalia
645 708 703 748 non
731 694 798 749 sunt
824 688 1018 761 aestimanda,
1046 689 1183 760 quoniam
1204 689 1362 763 participia

186 793 300 848 qnoque
322 775 470 835 ‘infinitus'
492 781 521 835 et
543 771 768 836 ‘immoderatus'
791 774 829 833 ad
851 774 996 835 adiectiva
1014 774 1193 834 defecerant:
1216 793 1251 834 ex
1268 777 1360 848 parti-

185 862 270 934 cipiis
293 867 390 922 autem
413 863 597 921 substantiva
619 860 877 920 conformabantur
898 862 1099 920 tantummodo
1122 861 1153 918 in
1176 861 1232 931 ·io;
1258 861 1360 922 immo·

187 947 328 1008 deratitas
347 953 376 1007 et
393 946 555 1019 infinititas‚
575 947 720 1019 quomodo
738 947 815 1006 inste
833 951 918 1006 erant
935 945 1116 1018 fabricanda,
1135 945 1360 1019 displicuissent.

186 1034 322 1092 Ceterum
340 1051 430 1093 4444
448 1032 562 1105 quidem
582 1031 766 1092 substantiva
785 1050 802 1091 4
820 1031 984 1104 participiis
1003 1031 1147 1103 negativis
1166 1034 1262 1104 dueta,
1285 1049 1361 1104 quae

187 1117 401 1191 significatione
423 1136 481 1177 non
504 1118 678 1178 differebant
695 1136 714 1177 a
730 1117 921 1178 substantivis
939 1117 1023 1176 flexis
1042 1119 1079 1177 ab
1098 1118 1251 1178 adieetivis
1270 1136 1359 1192 nega-

185 1205 266 1275 tivis,
297 1205 426 1276 linguam
452 1204 577 1263 libenter
603 1204 746 1264 formasse
773 1204 907 1264 solitaria
932 1204 983 1262 illa
1010 1205 1141 1276 exempla
1166 1208 1257 1263 testes
1285 1210 1360 1264 sunt.

185 1290 355 1349 Posteriora
373 1292 488 1350 demum
505 1294 637 1362 tempore
654 1291 722 1350 inde
739 1290 776 1350 ab
795 1289 921 1363 Apuleio
939 1290 1014 1349 tales
1033 1289 1282 1349 substantivorum
1300 1289 1360 1349 for·

186 1376 330 1435 mationes
339 1375 428 1434 latius
437 1376 586 1450 patebant,
595 1377 674 1435 velut
683 1374 921 1447 inconsideratio,
935 1374 1126 1448 incorruptio,
1140 1374 1360 1448 immemoratio,

186 1461 374 1532 inordinatio,
396 1459 588 1534 imperfectio,
609 1461 843 1535 imperturbatio,
866 1477 940 1533 quae
959 1460 1142 1521 substantiva
1163 1465 1277 1520 tantum
1299 1461 1360 1522 for·

188 1547 316 1606 mationa
339 1551 406 1606 sunt
429 1548 572 1619 verbalia,
599 1565 658 1606 non
681 1545 901 1620 significatione.
941 1546 1146 1620 ‘Incorruptio‘
1168 1547 1246 1607 idem
1264 1552 1309 1610 est
1326 1565 1361 1608 ao

189 1630 425 1704 ‚incorruptitas',
448 1630 647 1707 ‘imperfectio'
670 1649 705 1693 ac
721 1627 950 1706 ‘imperfectitas'
968 1637 1022 1692 etc.
1041 1666 1080 1676 —
1100 1632 1159 1692 Sed
1176 1650 1299 1706 magnae
1318 1634 1362 1692 di·

187 1718 272 1777 cendi
295 1717 514 1790 depravationis
537 1724 604 1778 sunt
627 1718 811 1779 substantiva
832 1717 1024 1778 ‘inconnexio'
1045 1723 1075 1778 et
1092 1717 1306 1778 ‘inhonoratio’.
1321 1751 1359 1761 -

272 1804 374 1876 Neque
396 1805 581 1864 substantiva
599 1805 737 1876 verbalia,
756 1804 878 1877 quaein
896 1822 945 1864 -us
964 1804 1107 1876 desinunt,
1130 1800 1177 1863 ‘in'
1195 1805 1362 1877 negativum

188 1908 246 1949 non
265 1891 409 1949 abnuunt:
428 1891 509 1962 atqui
527 1892 650 1962 legimus
668 1891 842 1950 ‘inconsultu
861 1887 934 1949 meo'
952 1891 1030 1962 apud
1047 1890 1142 1950 Plaut.
1161 1891 1229 1949 trin.
1246 1909 1273 1950 v.
1293 1892 1362 1962 167,

188 1976 299 2035 1444144
322 1976 401 2048 apud
424 1977 593 2036 Sallustium
616 1982 645 2037 et
666 1977 801 2036 Tacitum
822 1975 898 2052 (vide
916 1993 1015 2048 supra.
1050 1975 1113 2035 Liv.
1136 1977 1185 2048 42,
1206 1978 1254 2048 12,
1274 1980 1291 2036 7
1311 1993 1363 2048 per

189 2062 329 2120 incultum
356 2078 390 2120 ae
418 2061 651 2139 neglegentiam),
685 2063 822 2121 invocatu
849 2079 913 2121 meo
941 2062 1020 2134 apud
1041 2061 1143 2122 Front.
1166 2079 1210 2134 ep.
1233 2063 1271 2120 ad
1294 2062 1360 2121 Ver.

187 2147 211 2205 Ι.
234 2164 261 2220 p.
286 2149 356 2219 114,
380 2147 418 2207 26
442 2148 487 2220 N,
509 2153 539 2207 et
561 2144 690 2207 ‘iniussn'
712 2149 781 2210 inde
805 2165 823 2206 a
849 2147 951 2220 primis
973 2148 1154 2220 temporibus
1183 2147 1310 2206 omnium
1332 2149 1364 2206 in

188 2250 243 2292 usu
266 2238 318 2292 est.
337 2266 376 2276 —
394 2232 476 2292 Haec
499 2235 683 2293 substantiva
705 2250 878 2307 quamquam
901 2235 988 2307 vulgo
1011 2235 1211 2293 tantummodo
1234 2233 1363 2294 ablativo

189 2336 258 2377 casu
281 2318 470 2390 adhibentur,
498 2324 595 2379 tamen
618 2320 724 2380 adduci
747 2337 806 2379 non
827 2337 995 2392 possumus,
1022 2325 1054 2377 ut
1076 2319 1294 2378 Lachmannum
1315 2317 1364 2395 (ad

188 2405 274 2464 Lucr.
295 2406 322 2481 1,
340 2405 412 2481 454)
435 2421 598 2477 sequamur,
621 2407 671 2477 qui
693 2423 757 2465 eam
780 2407 816 2465 ob
840 2422 900 2464 rem
922 2406 987 2464 loco
1011 2422 1047 2463 ex
1064 2405 1148 2464 Livio
1167 2404 1287 2464 laudato
1309 2421 1364 2478 pro

190 2493 251 2562 ‘per
272 2488 413 2548 incultum
436 2507 470 2548 ao
493 2490 712 2563 neglegentiam’
734 2495 794 2563 ‘per
816 2491 960 2549 indultum
979 2507 1013 2548 ac
1031 2484 1252 2562 neglegentiam’
1275 2490 1365 2550 scribi

189 2575 290 2634 voluit.
333 2575 429 2634 Huius
456 2576 531 2635 enim
554 2576 730 2636 substantivi
752 2577 783 2636 in
805 2576 972 2635 accusativo
994 2593 1053 2635 non
1077 2575 1279 2636 offendendum
1302 2593 1365 2635 esse

190 2660 333 2732 arbitror,
356 2663 425 2733 quia
447 2660 621 2733 significatio
644 2663 706 2721 eius
729 2667 837 2734 quanto
862 2679 949 2734 opere
971 2662 1090 2722 recedat
1111 2680 1129 2720 4
1152 2663 1269 2734 ceteris,
1293 2679 1365 2735 qno·

191 2763 255 2803 rum
273 2747 316 2806 vis
335 2747 461 2807 verbalis
479 2747 637 2807 manifesta
654 2752 706 2820 est,
724 2747 811 2808 facile
829 2749 967 2807 cernitur.
992 2747 1180 2808 Probabilius
1198 2747 1244 2806 vir
1262 2747 1366 2814 doetus

191 2848 307 2890 versum
325 2832 457 2892 Lucretii
473 2831 511 2910 (1,
527 2834 599 2910 454)
620 2838 653 2892 44
676 2835 807 2906 spurium
830 2833 923 2906 eiecit,
945 2835 996 2894 ubi
1014 2839 1059 2893 est
1077 2834 1290 2893 substantivum
1313 2833 1366 2891 ‘in-

191 2918 297 2977 tactus’
320 2934 389 2976 casu
411 2918 514 2990 primo.
553 2919 752 2978 Formationis
776 2920 1024 2979 substantivorum
1047 2919 1221 2990 inconsultu,
1243 2919 1366 2991 iniussu,

192 3003 328 3062 invocatu
351 3020 439 3062 eausa
461 3007 621 3078 repetenda
638 3005 754 3064 videtur
772 3022 836 3064 esse
854 3023 872 3064 4
890 3005 988 3064 studio
1007 3007 1132 3077 quodam
1149 3004 1303 3064 brevitatis
1322 3005 1366 3064 di·

193 3089 289 3160 cendi;
312 3089 426 3149 aceedit
447 3090 585 3162 analogia
607 3090 830 3162 participiorum
848 3091 1057 3164 negativorum,
1079 3091 1244 3150 inconsulto
1264 3095 1366 3150 senatu

192 3174 304 3233 indicta
325 3191 423 3246 44444,
445 3175 562 3235 inorata
584 3193 673 3235 causa
695 3181 724 3235 et
745 3179 782 3236 41.
804 3179 884 3236 4414.

278 3261 335 3320 Sed
357 3278 422 3319 eum
442 3261 500 3319 hae
517 3279 665 3321 versemur
687 3261 719 3320 in
741 3263 918 3335 quaestione,
940 3262 1056 3322 licuerit
1078 3279 1141 3321 eam
1162 3262 1280 3334 longius
1297 3279 1366 3334 pro·

191 3347 270 3405 ferre
296 3351 385 3418 atque
410 3346 441 3404 in
464 3348 728 3408 considerationem
749 3366 855 3409 vocare
877 3349 964 3408 etiam
986 3349 1076 3408 verba
1098 3347 1242 3419 negativa.
1287 3348 1367 3419 Quae

193 3432 269 3491 enim
297 3433 329 3491 0.
351 3433 493 3493 Mllllerus
519 3431 567 3512 (ad
593 3433 671 3493 Fest.
697 3452 724 3507 p.
753 3433 823 3512 107)
850 3436 961 3494 docuit:
988 3433 1034 3506 ‚in‘
1062 3432 1140 3506 quod
1166 3432 1365 3493 abnuitionem

193 3517 347 3589 signifieat,
365 3536 424 3577 non
442 3520 627 3592 componitur
644 3537 709 3580 cum
727 3520 825 3580 verbis
844 3521 972 3592 exeeptis
990 3518 1164 3593 participiis'
1181 3519 1365 3591 perlongum

193 3607 306 3676 tempus
331 3605 411 3662 nullo
433 3610 616 3676 repugnante
637 3608 799 3678 valuerunt,
822 3622 886 3664 cum
908 3607 940 3664 P.
963 3605 1118 3676 Langenus
1140 3605 1171 3663 14
1195 3604 1365 3677 quaestione

193 3690 230 3749 de
252 3689 335 3748 verbi
357 3689 563 3750 ‘inconciliare’
579 3691 709 3751 Plautini
728 3691 841 3763 origine
864 3688 1134 3763 significationeque
1155 3691 1231 3766 14444
1253 3691 1283 3748 14
1305 3704 1365 3746 rem

194 3774 288 3834 denuo
311 3773 493 3852 inquisivit1)
515 3777 552 3835 ad
575 3776 748 3836 sententiam
766 3778 915 3849 vulgarem
936 3776 1133 3836 refellendam.
1172 3777 1365 3848 Argumenta·

192 3859 303 3918 tionem
316 3861 372 3919 viri
388 3861 468 3922 docti
481 3863 609 3921 secuturi
623 3880 686 3922 eam
702 3862 902 3935 quaestionem
915 3862 1148 3934 retractabimus,
1160 3867 1194 3922 ut
1206 3861 1366 3931 videamus,

194 3945 264 4017 quid
286 3963 321 4005 ex
343 3947 489 4006 sententia
507 3947 569 4006 eius
588 3948 627 4008 sit
643 3949 875 4022 improbandum,
894 3947 965 4020 quid
982 3953 1061 4008 recte
1078 3947 1249 4022 exposuisse
1265 3945 1366 4008 videa·

192 4035 249 4090 tur.
269 4064 307 4076 -
328 4032 450 4093 Orditnr
467 4033 622 4106 Langenns
640 4035 676 4093 ab
695 4034 732 4093 iis
750 4034 923 4108 participiis,
941 4051 1016 4106 quae
1034 4050 1208 4107 quamquam
1225 4030 1284 4092 vim
1301 4049 1366 4091 ver-

192 4117 288 4176 balem
301 4117 476 4178 retinuerint
488 4120 572 4192 plene
582 4137 748 4193 expressam
758 4125 856 4179 tamen
866 4137 929 4180 cnm
938 4121 986 4180 ‘in'
995 4120 1131 4192 negativo
1141 4122 1365 4191 componantur3

195 4221 251 4276 quo
266 4205 296 4263 in
311 4220 418 4276 genere
431 4211 581 4266 enumerat
593 4211 661 4266 ‘non
678 4223 724 4266 me
737 4206 884 4267 indicente
897 4208 969 4266 haec
982 4206 1072 4267 fiunt’.
1099 4205 1164 4265 Ter.
1174 4203 1229 4263 Ad.
1239 4204 1310 4264 507.
1325 4236 1363 4246 -

264 4391 374 4458 1)Β4144.
393 4405 436 4440 zur
453 4391 514 4440 llrit.
535 4393 586 4442 und
604 4391 671 4442 Erld.
689 4392 734 4442 des
753 4391 854 4442 Plautus
873 4407 896 4455 p.
918 4389 973 4443 181.
1077 4367 1084 4381 “
