3144 4862
720 315 930 382 ..52-

338 477 405 536 Sall.
435 479 481 536 De
497 482 694 549 situ‘Asricuc.
928 483 993 538 Tac.
1020 483 1065 538 Dc
1082 485 1139 538 sita
1155 484 1330 542 Britanniae.

235 563 272 632 lg.
295 567 340 646 17,
362 569 385 620 7.
421 565 475 620 Sed
498 567 544 635 qui
568 569 697 624 mortales
718 569 795 626 initio
847 571 911 638 Agr.
925 585 948 623 c.
964 571 1004 622 11.
1030 568 1157 624 Octcrum
1173 570 1344 627 Britanniam
1362 574 1412 642 qui

270 633 400 714 Aincanr'
413 634 560 692 habuerint
582 639 685 720 quique
699 645 796 708 postea
881 637 1010 692 mortales
1021 639 1099 719 initio
1108 639 1249 720 coluerint,
1262 641 1410 709 indigenae

269 707 796 895 {trattattllttlllltls
879 707 1410 844 11111111111111011·

297 855 364 896 cam.

234 907 298 966 ibid.
321 910 337 980 ξ
359 912 383 964 5.
415 910 491 966 caelo
522 918 652 982 terraque
681 914 796 981 penuria
848 929 870 967 c.
888 916 927 966 12.
955 913 1056 968 multus
1077 913 1175 968 humor
1193 920 1329 969 terrarum
1346 931 1410 970 cae·
1502 953 1504 1026 ,¹

268 994 409 1048 aquarum.
818 949 824 1028 Ι
881 981 962 1052 lique.

626 1153 662 1220 O.
695 1151 745 1218 Ile
769 1154 1005 1222 orationibus.

319 1296 452 1356 Tacitum
480 1313 516 1354 ex
543 1295 675 1354 Sallustii
702 1295 884 1356 orationibus
906 1296 998 1354 multa
1021 1295 1050 1352 in
1073 1313 1157 1354 usum
1180 1314 1263 1354 suum
1285 1313 1406 1357 conver·

231 1381 304 1440 tissa
326 1381 384 1441 iam
407 1400 496 1454 supra
519 1382 587 1454 dixi,
610 1382 666 1452 etsi
693 1382 840 1442 orationes
862 1400 962 1442 eornm
985 1399 1043 1439 non
1065 1399 1186 1455 prorsus
1204 1384 1305 1442 eodem
1323 1401 1405 1457 spec-

168 1527 171 1535 ,
231 1472 303 1527 tant.
339 1468 494 1529 Sallustius
517 1468 592 1526 enim
615 1485 680 1528 cum
704 1469 852 1527 orationes
876 1472 1029 1541 plerasque
1047 1467 1165 1541 scriptis
1184 1469 1244 1526 suis
1262 1470 1403 1529 insereret

230 1571 295 1612 eum
318 1557 356 1614 ad
378 1553 473 1630 finem,
495 1561 528 1614 ut
551 1555 669 1626 ingenia
691 1571 844 1628 moresque
861 1556 1010 1614 hominnm
1028 1555 1259 1613 memorabilium
1276 1557 1403 1628 posteris

229 1641 368 1713 traderet,
391 1659 475 1714 quem
496 1639 582 1700 finem
601 1645 730 1700 secutum
749 1659 781 1701 se
797 1659 862 1702 esse
878 1642 943 1714 ipse
960 1641 1108 1713 indicavit,
1132 1658 1196 1699 cum
1214 1640 1356 1700 scriberet
1373 1643 1403 1699 in

228 1725 270 1798 lg.
291 1727 339 1799 30,
358 1728 392 1786 4:
415 1728 480 1788 ‘Sed
499 1727 635 1806 quoniam
653 1745 689 1786 ea
706 1733 878 1801 tempestate
894 1727 1005 1787 Romae
1022 1727 1152 1786 Memmii
1168 1726 1307 1786 facundia
1325 1729 1405 1786 clara

227 1813 399 1887 pollensque
424 1813 492 1885 brit,
520 1814 623 1872 decere
650 1814 823 1874 existumavi
848 1831 935 1872 unam
958 1832 993 1872 ex
1014 1818 1075 1872 tam
1097 1813 1196 1872 multis
1219 1814 1402 1873 orationibus

228 1899 291 1959 cius
308 1900 508 1974 perscribere,
527 1899 686 1959 sententias
705 1907 793 1973 atque
809 1902 976 1960 universum
995 1900 1138 1959 orationis
1157 1900 1283 1958 colorem
1297 1916 1403 1971 magna

226 2002 290 2045 cum
310 1991 374 2046 arte
391 1987 430 2047 ad
448 2003 498 2045 eos
516 1987 756 2046 accommodavit.
793 1987 850 2047 Sed
868 1987 965 2046 Taciti
983 1987 1132 2047 orationes
1150 1986 1297 2057 pertinent
1311 1987 1402 2045 multo

225 2073 318 2144 magis
345 2074 384 2132 ad
406 2072 604 2132 narrationem
625 2073 818 2145 pragmatico,
841 2078 874 2132 ut
895 2074 938 2133 ita
960 2073 1068 2144 dicam,
1095 2073 1278 2144 nectendam,
1305 2072 1348 2130 ita
1369 2078 1403 2130 ut

225 2174 272 2217 res
299 2159 382 2230 ipsae
408 2175 465 2230 quc
492 2159 523 2218 in
550 2163 628 2217 statu
654 2159 811 2230 unicuique
837 2160 927 2219 verba
948 2157 1069 2217 facienti
1090 2157 1211 2228 fuerint,
1243 2159 1401 2228 atquibus

226 2243 348 2317 quisque
374 2245 471 2306 causis
497 2245 721 2316 rationibusque
747 2247 890 2306 adductus
917 2261 1060 2318 quamque
1085 2261 1147 2304 rem
1174 2249 1326 2302 exsecutus
1354 2245 1400 2316 sit,

224 2331 395 2405 plerumque
421 2332 643 2391 demonstretur.
687 2330 744 2390 Sed
771 2349 836 2390 cum
862 2332 929 2391 aliis
956 2331 987 2389 in
1013 2332 1100 2390 rebus
1122 2337 1184 2388 tum
1206 2329 1236 2387 in
1259 2330 1400 2388 orationi-

225 2415 280 2476 bus
310 2418 430 2479 Tacitus
457 2435 516 2476 non
542 2417 619 2477 idem
647 2421 692 2476 est
718 2418 749 2475 in
776 2418 893 2490 scriptis
919 2417 1081 2490 prioribus,
1112 2416 1214 2489 quiin
1236 2416 1399 2476 annalibus.

226 2501 380 2564 Orationes
404 2504 488 2577 enim,
511 2520 586 2576 quae
608 2503 728 2562 suntin
750 2504 889 2575 Agricola
910 2515 940 2562 et
961 2503 1103 2576 historiis,
1125 2502 1254 2561 scholam
1276 2520 1398 2562 morem-

225 2604 281 2660 que
303 2589 481 2651 rhetoricum
502 2590 635 2650 redolent
658 2589 748 2650 multo
771 2589 877 2662 magis,
909 2606 995 2662 quam
1014 2606 1086 2660 quas
1104 2587 1257 2649 annalibus
1276 2589 1400 2647 inseruit

224 2673 350 2736 Prorsus
372 2677 503 2736 Sallustii
525 2677 563 2736 ad
586 2677 748 2750 exemplum
770 2677 934 2751 composuit
956 2677 1104 2735 orationes
1123 2675 1241 2748 Calgaci
1263 2682 1293 2733 et
1309 2675 1399 2748 Agri-

224 2761 306 2821 colae
326 2760 406 2839 (Agr.
428 2778 452 2822 c.
475 2759 619 2840 30-32).

225 2908 283 2964 Oat.
297 2911 339 2974 58,
354 2912 386 2964 18
400 2927 439 2965 or.
454 2909 531 2966 Catil.
559 2909 634 2964 Oum
647 2925 695 2965 vos
708 2925 786 2964 con·
838 2911 903 2980 Agr.
917 2926 939 2965 o.
953 2914 988 2965 30
1001 2926 1040 2965 or.
1055 2910 1128 2978 Galg.
1156 2909 1318 2976 Quotiens
1337 2925 1399 2964 cau·

259 2978 381 3042 sidero,
399 2978 507 3042 milites,
525 2984 552 3032 et
570 2995 631 3032 cum
649 2979 724 3034 facta
741 2993 786 3033 vo·
871 2992 916 3034 sas
942 2978 1007 3033 belli
1033 2983 1062 3033 et
1083 2977 1321 3033 necessitatem
1343 2995 1398 3033 no·

259 3053 316 3102 stra
339 3054 473 3109 aestumo,
500 3063 616 3116 magna
641 3063 688 3102 me
711 3062 786 3115 spes
871 3053 973 3102 stram
995 3047 1139 3109 intueor,
1161 3059 1298 3115 magnus
1321 3048 1398 3101 mihi

259 3117 539 3173 victoriaetenet
576 3116 691 3171 Animus
709 3121 786 3171 aetas
871 3115 997 3172 animus
1032 3121 1094 3178 est,
1134 3114 1294 3170 hodiernum
1328 3117 1398 3171 diem

259 3185 343 3242 virtus
361 3190 455 3241 vostra
472 3200 514 3240 mc
532 3185 690 3248 hortantur,
707 3200 786 3253 prae·
871 3199 1086 3255 consensumque
1107 3190 1227 3238 vestrum
1239 3184 1345 3240 initium
1367 3185 1398 3237 li·

259 3261 336 3308 terea
357 3253 580 3316 necessitudo,
608 3270 678 3322 quae
703 3253 785 3310 etiam
870 3253 985 3310 ber-tatis
999 3255 1050 3310 toti
1067 3253 1226 3308 Britanniae
1244 3253 1311 3308 iore.
1329 3283 1363 3293 -

258 3321 367 3378 timidos
385 3323 464 3379 fortis
482 3321 555 3376 iacit.

224 3389 286 3447 hist.
299 3391 345 3448 IV.
361 3393 393 3446 61
408 3393 469 3460 (19),
486 3393 525 3444 17.
553 3392 597 3444 An
609 3391 719 3460 ignoras
731 3391 785 3446 Ro·
836 3392 1002 3461 Raptores
1023 3391 1113 3447 orbis
1134 3395 1281 3460 postquam
1299 3396 1397 3446 cuncta

257 3475 353 3515 manos
379 3466 526 3528 postquam
552 3458 587 3512 ad
610 3458 785 3515 Occidentem
870 3459 1083 3515 vastantibus
1098 3457 1235 3514 defuere
1252 3465 1351 3522 terrac,
1370 3467 1398 3514 et

281 3527 475 3598 urgentibus
505 3527 604 3581 finem
635 3529 785 3583 Oceanus
870 3543 945 3582 mare
972 3533 1142 3591 scrutantur,
1172 3560 1205 3567 -
1231 3528 1255 3582 si
1275 3529 1397 3598 locuples

258 3547 351 3659 Fecit,
378 3612 454 3651 arma
479 3595 533 3650 huo
560 3597 725 3651 convertisse
751 3626 785 3636 —
870 3595 957 3650 hostis
974 3603 1025 3657 est,
1043 3597 1126 3660 avari,
1144 3596 1167 3651 si
1184 3612 1296 3665 pauper,
1315 3598 1398 3652 ambi·

259 3681 346 3734 neque
364 3665 508 3732 quicquam
526 3663 578 3718 nisi
590 3671 724 3732 raptum
737 3665 785 3719 ha·
871 3665 942 3725 tiosi,
953 3681 1022 3733 quos
1031 3681 1086 3718 non
1096 3665 1227 3721 Occidens
1237 3682 1291 3719 non
1302 3667 1397 3721 Oriens

259 3734 324 3791 bere
342 3734 439 3800 quibus
458 3749 512 3788 non
530 3733 650 3786 humana
667 3733 724 3786 ulls
738 3749 785 3787 ne·
871 3733 1021 3788 satiaverit:
1046 3734 1097 3789 soli
1114 3735 1231 3788 omnium
1249 3750 1330 3804 opes
1348 3739 1397 3788 at·

260 3817 312 3870 que
325 3802 416 3857 divina
430 3801 615 3869 obstantquin
624 3801 712 3855 socios
721 3803 786 3856 smi-
871 3817 932 3868 que
949 3801 1119 3872 inopiam¹)
1135 3803 1197 3873 pari
1209 3802 1319 3859 adiectu
1334 3818 1395 3858 con·

260 3885 320 3932 cos,
346 3871 442 3939 procul
464 3871 541 3926 iuxta
564 3867 641 3930 sitos.
668 3868 785 3938 inopes
871 3870 1021 3940 cupierunt.

258 3944 480 4009 potentesque
502 3937 614 3995 trahant
631 3935 784 3992 excindant.

128 4067 133 4074 ‚
224 4005 317 4088 ¹8:3¹·
337 4011 376 4062 11.
409 4007 485 4064 Serri
502 4022 564 4064 aere
581 4006 673 4077 parati
685 4005 786 4061 iniusta
837 4023 859 4061 c.
874 4010 916 4062 31.
942 4007 1016 4064 Nata
1029 4007 1153 4065 servituti
1166 4007 1300 4076 mancipia
1314 4009 1397 4064 semel

258 4077 372 4146 imperia
385 4075 556 4132 dominorum
569 4091 624 4130 non
632 4074 783 4143 perferunt:
870 4084 990 4132 veneunt
999 4083 1081 4146 atque
1090 4078 1162 4133 ultro
1172 4094 1189 4132 a
1199 4077 1312 4133 dominis
1322 4078 1398 4132 alun-

258 4160 306 4200 vos
320 4144 439 4214 Quirites
455 4147 484 4202 in
499 4145 612 4214 imperio
626 4145 684 4200 nati
697 4159 785 4212 aequo
871 4149 924 4198 tur.
962 4146 1105 4202 Britannia
1136 4147 1295 4203 servitutem
1321 4160 1398 4202 suam

259 4214 348 4270 animo
366 4214 525 4272 servitutem
542 4213 684 4270 toleratis?
870 4212 981 4269 cottidie
999 4217 1071 4278 emit,
1089 4215 1201 4272 cottidie
1218 4216 1313 4283 pascit.

296 4371 315 4436 ¹)
332 4373 376 4422 cir.
395 4371 447 4422 Cat.
463 4371 503 4431 11,
521 4372 537 4424 3
556 4371 658 4422 armilla
676 4385 757 4434 neque
775 4369 846 4432 copia
864 4385 945 4433 neque
962 4345 1045 4435 iuopia
1063 4373 1189 4422 minuitur.

1491 481 1499 570 ἦ
