3144 4862
1150 507 1214 562 Tac.

574 623 579 636 .
892 621 897 632 .
1150 576 1213 629 hist.

160 645 191 698 fr.
208 647 230 698 l.
252 645 306 699 Res
319 647 414 714 populi
1028 662 1050 699 c.
1063 649 1085 698 1.
1098 645 1134 698 in.
1149 644 1260 698 Initium
1269 644 1334 696 mihi

191 713 307 768 Romani
317 715 354 768 M.
362 715 413 768 Le·
1063 710 1334 781 operisServiusGal·

193 782 258 850 pido
271 785 301 851 Q.
316 783 412 838 Catulo
1061 783 1098 836 ba
1128 781 1207 836 Titus
1238 780 1333 834 Vinius

193 852 351 906 consulibus
381 869 413 906 ac
1061 851 1188 905 consules
1211 854 1298 904 erunt

193 918 290 973 deinde
301 920 413 974 militiae

193 993 221 1041 et
237 987 311 1041 domi
323 994 413 1055 gestas

192 1058 342 1123 composui.
1240 1094 1244 1102 -

158 1122 192 1177 ir.
206 1127 282 1180 2-4
870 1133 873 1136 “
1026 1123 1130 1177 iudicat
1147 1121 1181 1176 de
1199 1136 1290 1177 rerum

1062 1191 1239 1260 scriptoribus

712 1283 735 1319 o.
749 1269 773 1326 3,
792 1267 816 1318 2.
1028 1266 1056 1314 et
1074 1260 1107 1314 de
1125 1260 1240 1314 historia

712 1351 737 1387 o.
750 1337 775 1395 3,
793 1333 867 1386 3-5.
896 1348 918 1385 c.
933 1333 957 1385 4.
1028 1329 1149 1397 loquitur
1167 1328 1200 1382 de
1217 1343 1246 1382 se

159 1395 193 1452 fr.
207 1397 231 1451 5·
1028 1397 1171 1466 profitetur
1191 1396 1332 1466 incorrup-

1062 1473 1120 1521 tam
1136 1465 1227 1521 tidem.

712 1555 734 1592 c.
748 1539 772 1599 5,
788 1540 862 1592 1-8.
1028 1551 1051 1590 c.
1074 1537 1150 1589 2-3
1171 1540 1332 1604 temporum,

708 1607 846 1662 ¹Catilinae
860 1604 1018 1659 morumde·
1063 1603 1096 1658 de
1106 1603 1205 1672 quibus
1217 1608 1259 1657 est
1268 1603 1334 1657 scri-

746 1674 865 1743 scriptio.
1060 1671 1332 1742 pturus,faoiescivi-

1061 1742 1182 1808 tatisque
1227 1756 1332 1793 morum

1061 1793 1215 1877 descriptio.
1234 1838 1266 1847 -

422 1880 460 1947 lg.
471 1881 495 1940 5,
509 1883 533 1932 3.
552 1879 606 1934 Sed
615 1883 701 1950 prius·
711 1897 734 1935 c.
748 1883 772 1942 5,
786 1883 810 1935 9.
824 1880 878 1934 Res
886 1879 946 1950 ipsa
955 1880 1016 1932 hor·
1027 1895 1049 1932 c.
1064 1882 1088 1931 4.
1112 1879 1239 1932 Ceterum
1256 1883 1332 1932 ante-

457 1963 539 2014 quam
590 1949 702 2005 huiusce
745 1950 799 2004 tari
816 1948 931 2010 ridetur,
950 1963 1015 2015 quo·
1060 1963 1142 2014 quarn
1194 1946 1333 2001 destinata

456 2017 529 2079 modi
546 2033 604 2070 rem
622 2033 702 2087 expe·
745 2019 818 2072 niam
840 2017 874 2071 de
895 2017 1016 2071 moribus
1059 2032 1119 2070 com
1140 2030 1232 2077 onam,
1255 2030 1332 2084 repe·

457 2085 702 2156 di0,paucasupra
745 2086 862 2140 civitatis
908 2092 1015 2154 tempus
1060 2089 1173 2138 tenum
1216 2083 1330 2144 videtur,

455 2162 585 2221 repetam,
599 2170 652 2222 quo
666 2156 701 2210 ad
745 2154 898 2216 admonuit,
933 2169 1018 2222 supra
1060 2153 1149 2220 qualis
1175 2157 1264 2208 status
1286 2168 1332 2206 ur·

470 2223 688 2291 cognoscundum
744 2229 867 2293 repetere
880 2223 1017 2290 acpaucis
1060 2222 1114 2283 bis,
1150 2235 1220 2288 quae
1255 2235 1330 2274 mens

455 2293 545 2346 omnia
584 2292 701 2348 illustria
745 2293 878 2362 disserere
890 2292 1017 2346 instituta
1060 2290 1228 2346 exercituum
1249 2321 1281 2328 -
1299 2294 1331 2341 ut

454 2361 538 2428 magis
562 2363 701 2431 magisque
744 2362 878 2415 maiorum
890 2360 961 2414 domi
969 2361 1017 2414 mi·
1060 2375 1114 2413 non
1144 2357 1224 2412 modo
1251 2372 1330 2412 casus

453 2427 482 2480 iu
499 2436 595 2498 aperto
613 2431 674 2486 sint.
744 2431 882 2498 litiaeque,
906 2443 1016 2497 quomo·
1060 2432 1227 2496 eventusque
1239 2440 1330 2480 rerum

745 2499 779 2552 do
800 2499 1016 2566 rempublicam
1060 2496 1108 2552 sed
1142 2497 1226 2552 etiam
1258 2495 1329 2549 ratio

743 2567 889 2622 habuerint
905 2573 955 2621 etc.
1059 2579 1329 2634 causaequenoscan-

1058 2640 1112 2688 tur.

155 2697 407 2767 fro-ltegressio
419 2705 732 2774 c.5‚4-o.10egres·c.
746 2706 831 2758 6-13
850 2703 975 2771 egressio.
1024 2720 1038 2756 c
1062 2706 1145 2756 4-11
1164 2701 1289 2772 egressio.

452 2773 500 2828 sio.
635 2827 637 2830 ,
710 2790 732 2828 c.
748 2775 782 2826 14
798 2773 912 2827 initium.
1024 2789 1046 2826 c.
1063 2774 1094 2824 12
1111 2772 1225 2826 initium.

237 2915 351 2974 Deinde
381 2917 547 2987 loquentem
578 2915 651 2974 iacit
680 2916 836 2976 Sallustius
862 2915 1018 2987 Micipsam
1043 2914 1095 2993 (lg.
1124 2932 1147 2973 c.
1172 2912 1234 2990 10),
1264 2930 1328 2971 oum

152 3001 324 3074 Iugurtham
345 3003 376 3060 in
402 3019 523 3073 regnum
544 3002 711 3075 adoptaret,
738 3004 857 3065 Tacitus
880 3001 1003 3061 Galbam
1029 2998 1061 3079 (e.
1086 2999 1232 3076 15-16),
1263 3017 1328 3058 cum

153 3087 308 3157 adoptaret
324 3088 460 3147 Pisonem
481 3088 512 3145 in
530 3089 735 3160 principatum.
772 3089 876 3148 Cetera
893 3087 1016 3148 minoris
1035 3093 1103 3146 sunt
1120 3086 1267 3145 momenti.
1286 3118 1325 3128 -

237 3171 273 3229 In
295 3174 447 3232 annalium·
464 3173 549 3232 initio
573 3175 692 3236 Tacitus
714 3174 868 3235 brevitatis
891 3173 1123 3233 studiosissimus
1145 3172 1210 3231 init.
1248 3171 1326 3244 Quo·

152 3257 231 3315 niam
254 3257 329 3315 enim
351 3276 410 3320 uno
433 3259 529 3334 capite
551 3259 711 3320 deformis
735 3261 859 3320 dirersis
885 3259 1064 3333 reipublicae
1087 3258 1220 3318 omnibus
1242 3263 1272 3317 et
1290 3258 1325 3316 de

151 3343 277 3401 historia
294 3343 463 3416 disputavit,
486 3345 586 3404 statim
604 3363 665 3405 rem
687 3347 780 3418 ipsam
798 3353 953 3419 aggressus
971 3352 1024 3404 est.
1051 3345 1165 3416 ¹Tarba,
1182 3361 1200 3402 a
1219 3344 1324 3417 quibus

153 3430 266 3487 orditur
284 3428 415 3488 ‘Romam
433 3449 451 3488 a
468 3431 614 3504 principio
632 3450 716 3504 reges
734 3431 870 3491 habuere’
890 3431 1042 3503 usurpavit
1055 3431 1224 3490 Sallustium
1242 3445 1323 3489 secu·

151 3519 207 3586 tus,
231 3515 280 3585 qui
302 3516 334 3573 in
356 3515 418 3574 Cat.
441 3534 465 3576 o.
488 3519 517 3589 6,
541 3519 558 3576 1
581 3517 697 3591 incipit:
720 3519 838 3578 ‘Urbem
860 3518 982 3576 Romam
999 3517 1128 3577 habuero
1145 3517 1231 3577 initio
1249 3516 1322 3575 Tro-

149 3600 227 3659 iani’.
262 3601 343 3658 Haec
365 3602 455 3660 verba
476 3603 609 3663 Tacitum
631 3609 735 3665 contra
750 3603 918 3664 Sallustium
940 3604 1106 3675 disputasse
1122 3608 1208 3663 acute
1225 3603 1323 3664 oonte-

150 3688 190 3745 cit
212 3684 451 3764 Woelfflinius¹);
480 3686 609 3749 fabulam
636 3692 712 3750 enim
738 3691 818 3749 illam
845 3692 881 3750 de
903 3687 1040 3749 Troianis
1066 3689 1122 3749 hoc
1147 3690 1234 3748 modo
1257 3705 1321 3747 eum

149 3773 279 3832 refutare
300 3773 436 3832 voluisse.
471 3773 525 3833 (lui
547 3777 665 3837 obstare
686 3777 810 3848 videtur,
834 3778 912 3849 quod
929 3776 1050 3834 Tacitus
1068 3777 1104 3834 de
1121 3773 1247 3835 formis
1269 3775 1321 3834 rei

149 3861 327 3931 publicae,
351 3859 504 3918 Sallustius
527 3862 567 3920 do
588 3863 717 3923 incolis
739 3863 840 3923 urbis
862 3862 1000 3935 loquitur.
1035 3861 1118 3932 Quod
1141 3861 1166 3920 si
1188 3860 1233 3919 vir
1252 3862 1321 3920 doo-

149 3949 196 4004 tus
214 3950 312 4004 censet
329 3945 460 4004 indicare
478 3946 619 4020 Tacitum,
641 3967 705 4007 oum
723 3949 815 4008 isdem
832 3949 929 4008 verbis
947 3952 1086 4018 uteretur,
1104 3963 1139 4004 ac
1156 3947 1321 4020 Sallustius,

149 4032 186 4090 de
208 4032 326 4104 regibus
350 4049 414 4092 osse
436 4037 546 4090 certam
567 4051 637 4107 rom,
660 4037 696 4095 de
717 4035 821 4094 incolis
845 4034 942 4094 omnia
963 4029 1106 4104 fabulosa,
1130 4048 1245 4107 oppono
1264 4033 1321 4092 Ta·

149 4119 247 4188 citum,
273 4118 342 4190 quia
368 4118 531 4191 scripturus
559 4125 623 4179 erat
649 4123 684 4180 do
711 4121 928 4194 principatu,
950 4119 1078 4178 breviter
1099 4119 1242 4191 repetisse
1267 4121 1319 4178 rei

148 4204 311 4274 publicae
341 4204 471 4264 formas
500 4207 715 4279 superiores,
748 4219 815 4266 non
842 4206 947 4279 quasi
978 4221 1237 4266 consummasse
1262 4223 1317 4264 res

219 4387 238 4457 1)
256 4390 341 4441 emor.
355 4391 429 4469 asp.
445 4387 502 4444 me.

1146 4476 1163 4536 4
