3144 4862
747 324 957 390 —50-

266 503 442 576 civitatis,
466 505 544 577 quod
561 503 659 564 faeere
676 519 742 564 eum
759 517 877 563 neeesse
893 499 1006 575 fuisset,
1024 499 1049 562 si
1067 500 1235 563 Sallustium
1254 505 1452 577 respexisset.

266 591 358 664 Quam
382 590 418 650 ob
441 608 502 650 rem
520 591 592 651 mibi
609 591 725 651 videtur
742 588 874 650 imitatus
892 605 956 648 esse
973 591 1087 648 tantum
1104 591 1194 651 verba
1211 590 1353 653 Sallustii.
1363 591 1386 669 1)
1405 627 1451 638 --

350 676 473 737 Accedit
490 677 578 748 aliud,
595 677 673 736 unde
690 677 824 738 Taeitum
838 674 970 736 Sallustii
989 675 1163 747 disponendi
1180 694 1289 736 morem
1307 680 1338 736 10
1355 697 1451 739 usum

266 779 349 822 suum
372 763 550 822 convertisse
571 763 754 823 indicaveris.
793 761 947 823 Formulas
969 761 1045 820 enim
1068 762 1191 835 dicendi,
1214 764 1319 835 quibus
1337 782 1450 825 narra-

266 848 356 909 tionis
378 864 494 908 oursum
515 854 647 922 0001001,
675 847 856 923 egressiones
877 847 1011 906 indicant
1031 852 1061 905 et
1082 845 1194 920 finiunt,
1217 849 1276 908 alia
1297 849 1450 910 eiusmodi

267 933 413 997 simillima
439 935 576 1008 reperies.
620 935 799 1008 Quamquam
825 951 884 994 non
907 950 1006 994 omnes
1027 931 1180 1006 formulas,
1204 952 1275 1007 quas
1297 937 1447 998 allaturus

267 1037 349 1094 sum,
370 1019 463 1093 ipsius
485 1022 617 1082 Sallustii
647 1022 686 1081 ad
713 1021 906 1080 imitationem
927 1036 1065 1078 revoeare
1086 1020 1251 1081 necessario
1275 1022 1368 1081 ooaeti
1393 1041 1447 1082 su·

267 1123 343 1179 mus,
369 1111 468 1166 tamen
497 1108 522 1168 si
548 1123 671 1180 003000
697 1106 897 1167 similitudinis
918 1106 1062 1166 rationem
1084 1106 1236 1180 habemus,
1268 1124 1342 1180 quae
1362 1108 1446 1167 inter

267 1192 436 1254 Sallustium
469 1197 498 1252 et
520 1193 653 1253 Tacitum
679 1193 709 1252 in
735 1193 791 1252 100
816 1209 849 1252 re
875 1191 1041 1263 intersedit,
1070 1192 1148 1251 huno
1173 1193 1251 1252 illius
1278 1195 1444 1267 exemplum

267 1284 397 1341 0000100
419 1295 483 1339 0000
506 1279 577 1339 satis
600 1284 685 1340 caute
707 1279 844 1340 disemus.

354 1363 550 1425 conferantur
572 1366 640 1426 Sall.
662 1367 704 1439 13.
727 1366 761 1438 5,
784 1368 800 1424 1
829 1364 938 1425 bellum
960 1362 1122 1436 scripturus
1144 1381 1207 1424 sum
1225 1397 1266 1409 -
1285 1364 1446 1438 quietura

267 1451 392 1525 primum
424 1451 580 1527 superbiae
606 1452 771 1513 nobilitatis
799 1450 914 1512 obviarn
940 1449 1013 1509 itum
1035 1455 1088 1510 est.
1118 1451 1189 1523 Agr.
1212 1452 1296 1510 010
1320 1451 1445 1511 Britan-

267 1537 335 1598 niae
356 1538 443 1598 situm
465 1539 647 1612 populosque
668 1536 815 1613 proferam
834 1567 873 1581 -
893 1535 963 1609 qnia
983 1540 1045 1596 tum
1062 1535 1188 1609 primum
1205 1537 1371 1609 perdomita
1389 1543 1444 1598 est.

267 1642 334 1683 000.
356 1621 396 1697 II,
419 1626 458 1684 27
486 1624 559 1690 Eius
582 1623 693 1698 negotii
715 1623 831 1684 initium
854 1623 996 1684 disseram
1019 1655 1058 1666 -
1083 1622 1152 1695 quia
1171 1626 1233 1682 tum
1250 1624 1376 1697 primum
1395 1642 1442 1683 re·

268 1714 353 1783 perta
375 1714 450 1771 sunt.

355 1795 422 1855 Sall.
447 1795 489 1869 13.
518 1797 553 1869 5,
580 1798 599 1855 3
625 1795 799 1868 Priusquam
827 1793 949 1854 huiusce
980 1794 1060 1854 modi
1091 1793 1135 1853 rei
1167 1793 1282 1854 initium
1309 1795 1442 1868 expedio.

270 1882 339 1942 Tae.
362 1881 430 1940 hist.
452 1881 476 1954 I,
499 1883 537 1941 51
562 1898 639 1940 0000
659 1882 746 1942 initia
757 1886 863 1942 motus
885 1879 1036 1940 Vitelliani
1057 1879 1216 1952 expediam.
1238 1881 1328 1940 adde
1345 1881 1442 1940 Germ.

271 1971 320 2028 27.
353 1968 421 2027 hist.
443 1966 493 2041 IV,
517 1969 565 2028 12.
587 1967 637 2027 48.
669 1986 735 2028 ann.
758 1967 808 2041 IV,
832 1969 859 2026 1.
1184 2023 1188 2031 ,

355 2052 486 2126 101113.
509 2055 563 2126 95,
582 2056 600 2113 2
628 2054 684 2115 Sed
711 2055 846 2126 quoniam
868 2051 1019 2112 00010011
1041 2051 1097 2111 viri
1118 2069 1165 2112 res
1188 2049 1351 2124 admonuit,
1378 2053 1441 2112 ido·

269 2157 354 2200 neum
376 2139 471 2198 visum
499 2146 556 2212 est,
583 2141 620 2198 de
641 2145 747 2199 natura
769 2141 904 2211 cultuque
926 2138 987 2197 eius
1009 2137 1110 2210 paneis
1133 2138 1238 2198 dioere.
1282 2139 1351 2198 Tae
1373 2139 1440 2198 hist.

268 2225 320 2298 IV,
341 2226 360 2285 5
388 2225 454 2285 Res
476 2241 623 2298 posuere
645 2225 797 2298 videtur,
829 2224 993 2297 quoniam
1015 2223 1122 2283 iterum
1143 2224 1174 2283 10
1196 2225 1370 2284 mentionem
1397 2226 1440 2283 in-

271 2312 394 2371 oidimus
421 2312 478 2371 viri
506 2312 621 2384 saepius
648 2311 839 2382 memorandi,
870 2315 904 2368 ut
929 2309 1019 2369 vitam
1046 2309 1201 2383 studiaque
1228 2311 1290 2370 eius
1312 2314 1342 2370 et
1364 2311 1441 2384 quali

270 2397 390 2458 fortuna
412 2398 451 2457 sit
474 2414 552 2469 usus,
575 2399 696 2472 paucis
719 2400 882 2470 repetam.
917 2396 994 2456 adde
1015 2396 1084 2456 Sall.
1107 2396 1168 2458 Cat.
1186 2398 1214 2468 5,
1234 2399 1251 2455 9
1278 2397 1345 2456 Res
1363 2397 1440 2469 ipsa

270 2484 408 2543 hortari
430 2484 586 2556 videtur,
610 2485 774 2556 quoniam
797 2485 832 2543 10
853 2482 985 2543 moribus
1007 2481 1135 2542 civitatis
1152 2487 1266 2555 tempus
1283 2482 1439 2553 admonuit,

271 2586 376 2642 supra
398 2574 562 2642 repetere
584 2586 619 2628 00
640 2569 763 2643 000010
786 2569 937 2628 disserere.
971 2566 1015 2639 13.
1037 2569 1065 2639 1,
1088 2570 1106 2628 3
1129 2585 1224 2641 00000
1246 2585 1336 2642 supra
1356 2586 1440 2641 repe-

271 2660 338 2714 tam.
374 2655 443 2714 Tao.
465 2655 525 2716 hist
545 2655 596 2728 lv,
618 2657 658 2716 48
682 2657 708 2716 si
729 2672 824 2729 pausa
842 2671 932 2728 supra
948 2653 1101 2727 repetiero.
1136 2655 1204 2716 hist.
1221 2654 1260 2728 H,
1279 2657 1318 2716 27
1339 2656 1440 2716 altiore

271 2740 356 2802 initio
384 2747 523 2814 repetam.
559 2759 624 2802 000
652 2742 706 2815 ΙΠ,
729 2743 770 2800 24
796 2741 898 2814 000010
924 2745 1062 2813 repetem.
1095 2740 1158 2813 XV,
1182 2745 1221 2801 12
1243 2758 1338 2814 00000
1360 2759 1439 2814 repe-

272 2831 340 2886 tam.
377 2825 455 2898 XVI,
479 2828 519 2887 18
542 2845 636 2900 00000
658 2843 747 2901 supra
768 2828 926 2901 repetenda
948 2831 1023 2885 sunt.
1045 2857 1086 2870 -

356 2911 425 2970 Sall.
448 2911 511 2971 Cat.
534 2913 562 2984 4,
582 2916 599 2973 3
624 2915 661 2973 10
679 2913 822 2973 Catilinae
840 2913 1042 2972 coniuratione
1060 2928 1146 2983 quam
1163 2913 1322 2972 verissume
1340 2919 1439 2984 potero

273 2999 375 3059 11000.
415 2998 591 3070 Cat.18,1
622 3001 659 3059 10
681 3017 738 3072 qua
759 3016 792 3058 re
814 3015 900 3070 qnam
922 2998 1081 3057 verissume
1103 3002 1207 3070 potero
1229 2997 1332 3058 diuam.
1375 2999 1438 3058 Teo.

271 3085 339 3145 hist.
361 3082 412 3157 IV,
433 3085 475 3145 48
496 3083 542 3144 Ea
565 3086 601 3145 10
622 3087 710 3146 00010
733 3100 819 3159 qnam
839 3082 990 3143 verissime
1012 3083 1171 3156 expediam.
1195 3115 1235 3126 -

359 3170 427 3230 Sall.
449 3169 492 3244 13.
510 3171 539 3242 4,
558 3173 575 3230 9
599 3189 676 3231 0000
697 3174 736 3233 01
757 3169 903 3244 indeptum
920 3171 1017 3231 redeo.
1051 3169 1095 3242 13.
1115 3170 1164 3242 42,
1182 3170 1201 3229 5
1221 3187 1307 3242 quam
1326 3173 1438 3230 obrem

273 3257 312 3318 ad
330 3256 476 3330 10000100
494 3257 591 3317 redeo.
626 3259 701 3319 0110
718 3257 760 3330 13.
776 3259 888 3329 79,10.
924 3257 991 3316 Tae.
1009 3255 1077 3317 hist
1094 3253 1132 3328 11,
1147 3257 1188 3316 38
1206 3274 1282 3316 0000
1296 3259 1333 3316 01
1347 3274 1439 3317 rerum

275 3342 406 3403 ordinem
431 3343 529 3403 redeo.
562 3344 704 3417 000111,
728 3345 767 3405 33
799 3345 851 3404 sed
877 3343 916 3403 ad
942 3343 1088 3416 10000100
1113 3343 1209 3402 redeo.
1244 3341 1317 3414 ΧΠ,
1339 3344 1376 3401 51
1404 3344 1439 3403 01

275 3435 438 3503 temporum
462 3428 593 3488 ordinem
614 3431 711 3491 redeo.

360 3516 428 3576 Sall.
451 3513 513 3574 Get.
537 3516 565 3586 5,
587 3517 606 3574 9
632 3517 735 3590 paneis
762 3517 905 3577 disserere
930 3515 1066 3574 instituta
1092 3513 1243 3573 maiorum.
1287 3514 1354 3573 Tae.
1376 3515 1438 3574 hist

274 3601 314 3674 11,
333 3605 352 3660 2
375 3601 460 3661 101110
481 3599 632 3672 religionis
655 3601 756 3676 paneis
779 3601 928 3662 disseram.
959 3617 1025 3660 000.
1048 3598 1086 3670 ll,
1109 3602 1148 3659 27
1171 3599 1439 3672 Ε1000030111101-

275 3688 348 3748 tium
374 3686 505 3747 ouratius
527 3685 675 3746 disseram.
707 3688 852 3749 disserere
874 3704 938 3745 oum
960 3702 1019 3744 aee.
1042 3685 1103 3744 eius
1126 3686 1181 3757 rei,
1208 3687 1245 3745 de
1267 3704 1324 3760 qua
1346 3685 1438 3758 dispu-

275 3779 364 3847 tatur,
386 3789 507 3848 perraro
528 3772 682 3832 invenitur.
717 3773 769 3832 cfr.
786 3773 979 3847 Nipp.·Audr.
1001 3770 1164 3831 adsumi.
1182 3772 1211 3843 4,
1228 3772 1280 3832 011
1298 3774 1390 3830 10000
1407 3787 1439 3828 er

277 3859 394 3919 Valerio
416 3859 546 3921 Maximo
563 3859 695 3930 laudens
717 3861 793 3921 adde
809 3859 873 3918 Liv.
891 3859 941 3928 41,
960 3859 988 3929 6,
1006 3859 1026 3916 4
1048 3859 1086 3919 01
1105 3857 1289 3918 disserendas
1307 3874 1354 3915 res
1373 3873 1437 3929 quas

276 3945 444 4019 gessissent.
467 3975 507 3990 —-

363 4033 430 4092 Sall.
454 4031 516 4092 Sat
539 4033 567 4106 ’1,
591 4035 608 4092 1
636 4045 796 4090 memorare
817 4045 932 4104 possem
955 4063 994 4074 —
1018 4031 1049 4089 ni
1069 4047 1105 4088 ea
1126 4045 1173 4088 res
1196 4026 1310 4100 longius
1333 4029 1436 4087 nesab

277 4119 395 4190 incepto
420 4119 559 4179 traheret
583 4151 622 4162 -
645 4117 713 4177 Tae.
735 4133 800 4175 ann.
823 4116 876 4189 VI,
900 4118 939 4176 22
962 4117 993 4175 10
1016 4120 1146 4189 tempore
1168 4113 1386 4186 memorabitur,
1406 4131 1437 4174 ne

279 4221 356 4264 nune
378 4203 494 4278 inoepto
517 4205 632 4277 1003100
655 4203 785 4264 abierim.

353 4390 373 4476 ¹)
389 4392 454 4444 udde
471 4390 507 4458 13.
528 4391 567 4452 18,
588 4391 601 4444 1
620 4390 730 4442 Africam
748 4389 856 4441 habuere
873 4387 943 4438 initio
962 4387 1059 4438 Gaetuli
1077 4393 1101 4436 et
1119 4383 1217 4450 libyes.
