3144 4862
668 309 880 372 ..34-

187 484 267 542 modi
289 483 499 542 adiectivorum
522 483 568 540 vel
588 481 784 540 accidentium
804 479 1040 552 substantivatio,
1062 473 1276 550 4111441444,
1299 481 1367 539 sub-

187 568 312 627 limioris
338 569 454 626 4144144
480 568 595 638 generis
619 567 735 627 dicendi
758 584 822 626 esse
844 582 937 638 neque
958 566 1053 637 poetis
1076 599 1116 608 —
1139 565 1283 638 imprimis
1306 566 1368 638 epi-

187 655 229 713 cis
254 689 292 696 -
317 671 375 713 444
402 654 432 712 14
460 655 558 724 gratia
585 659 642 713 est:
674 652 796 724 legimus
823 652 902 724 apud
928 651 1044 710 Lucret.
1072 654 1104 722 1,
1127 653 1188 710 315
1217 657 1368 722 strataque

151 790 154 796 .
186 741 245 799 iam
264 741 342 811 vulgi
360 739 485 812 pedibus
504 739 614 798 detrita
631 738 744 798 viarum
763 753 851 796 saxea
869 737 1072 810 conspicimus.
1090 755 1115 797 4.
1131 738 1193 797 340
1206 753 1260 809 per
1276 738 1369 795 maria

188 826 371 895 sublimaque
397 824 479 884 caeli.
506 842 532 883 v.
552 825 614 884 354
641 824 719 882 inter
742 828 845 896 saepta
866 828 963 881 meant
985 840 1070 883 voces
1094 823 1244 881 41414444
1267 823 1368 881 domo·

80 954 86 968 .
125 908 128 914 ’
188 911 482 970 4441444444111441.
504 927 530 968 4.
547 911 608 969 489
628 926 681 982 444
697 914 799 982 saepta
813 911 965 968 domorum
980 910 1090 967 clamor
1103 909 1135 966 it.
1158 909 1244 980 Verg.
1264 911 1291 980 1,
1306 908 1368 967 422

189 997 313 1054 miratur
339 1001 441 1068 portas
469 996 680 1067 strepitumque
706 999 736 1053 et
763 999 857 1054 414414
884 994 1005 1052 viarum.
1040 1012 1066 1052 v.
1085 995 1147 1052 310
1170 1010 1298 1052 convexa
1321 1011 1369 1052 ne-

190 1098 311 1140 morum.
346 1083 374 1151 4,
397 1082 457 1140 451
488 1097 617 1139 convexa
640 1080 720 1139 44411.
764 1080 836 1138 Η44.
860 1095 947 1137 carm.
969 1080 998 1151 4,
1023 1081 1071 1151 12,
1096 1081 1134 1138 19
1158 1096 1259 1137 amara
1280 1095 1367 1137 cura·

186 1184 260 1225 rum.
297 1171 351 1226 sat.
375 1169 408 1237 2,
432 1169 464 1237 2,
488 1167 528 1225 25
556 1182 632 1224 4444
658 1182 763 1225 rernm.
796 1168 827 1237 2,
855 1167 887 1237 8,
914 1166 954 1225 83
982 1164 1058 1223 fictis
1080 1180 1188 1224 rerum.
1220 1181 1268 1223 ars
1292 1170 1369 1236 poet.

187 1255 227 1311 49
256 1253 358 1311 abdita
402 1269 508 1310 rernm.
532 1250 582 1310 Ov.
610 1257 676 1310 met.
705 1249 729 1309 1.
752 1252 812 1310 479
841 1268 992 1309 nemorum
1018 1250 1085 1309 avia
1110 1251 1227 1308 lustrat.
1258 1267 1284 1308 v.
1307 1252 1369 1310 594

188 1355 337 1396 nemorum
361 1341 482 1396 secreta.
523 1336 631 1396 Lucan.
656 1339 705 1407 10,
725 1337 786 1396 253
805 1336 933 1394 trahitur
952 1336 1126 1408 Gangesque
1143 1336 1299 1407 Padusque
1317 1353 1369 1408 per

187 1424 309 1482 tacitum
335 1423 443 1482 mundi.
489 1424 585 1482 Multo
612 1422 709 1481 rarior
735 1421 761 1480 is
787 1439 857 1480 usus
884 1427 929 1480 est
956 1423 1034 1494 apud
1057 1421 1202 1493 pedestris
1226 1422 1368 1479 orationis

189 1509 356 1580 scriptores,
374 1508 405 1565 14
425 1505 531 1579 quibus
549 1504 677 1578 Tacitus,
702 1507 751 1579 qui
769 1507 869 1578 generi
888 1508 1004 1566 dicendi
1022 1508 1137 1578 poetico
1156 1523 1261 1578 magno
1281 1523 1368 1578 opere

190 1595 333 1664 studeret,
352 1594 493 1674 ‚omnium
520 1592 690 1666 longissime
716 1608 891 1665 progressus
918 1597 975 1652 est:
1007 1593 1075 1652 Sall.
1102 1592 1145 1663 Ig.
1168 1593 1217 1664 48,
1241 1594 1259 1651 3
1287 1593 1367 1676 humi

189 1680 274 1738 arido
301 1683 389 1750 atque
420 1697 554 1739 arenoso.
599 1679 738 1737 Similiter
766 1677 834 1736 Tac.
861 1695 927 1736 ann.
949 1678 977 1750 I,
1005 1680 1043 1739 61
1072 1679 1192 1736 humido
1218 1678 1366 1750 paludum.

188 1765 251 1823 Liv.
275 1767 303 1835 9,
326 1766 355 1836 3,
378 1766 393 1821 1
419 1781 472 1836 per
500 1765 598 1824 obices
629 1763 755 1835 viarum,
787 1779 840 1836 per
866 1764 989 1822 adversa
1015 1764 1169 1836 montium,
1199 1779 1252 1835 per
1279 1764 1367 1822 silvas

188 1867 296 1910 eamus.
336 1851 385 1921 36,
406 1853 443 1909 27
468 1851 589 1922 4411444
607 1849 765 1908 foederum.
801 1848 919 1920 114112,
939 1850 988 1920 75,
1007 1851 1025 1909 3
1045 1848 1274 1908 4414111444444.
1301 1849 1366 1906 Val.

187 1937 269 1994 Max.
292 1937 320 2007 3,
344 1938 371 2006 2,
397 1938 437 1994 10
460 1935 573 1994 lubrico
596 1935 700 2008 pelagi.
745 1933 826 1992 0441.
850 1937 878 2005 7,
902 1936 951 2007 11,
975 1937 1014 1995 18
1041 1935 1072 1993 14
1094 1934 1180 1993 144114
1204 1939 1234 1993 41
1254 1933 1366 2006 asperis

189 2039 334 2081 saxorum.
371 2021 438 2080 Tac.
462 2022 529 2079 blst.
551 2021 575 2093 Ι,
599 2022 638 2080 79
662 2019 775 2079 lubrico
798 2019 943 2079 itinerum.
977 2019 1017 2092 H,
1035 2022 1076 2081 88
1094 2021 1168 2078 4144.
1200 2021 1307 2090 4441,
1326 2021 1365 2078 65

188 2106 330 2177 sanguine
352 2124 404 2164 suo
424 2112 453 2165 41
470 2106 583 2167 lubrico
602 2107 739 2178 paludum
758 2106 916 2177 lapsantes.
951 2107 1028 2166 adde
1050 2123 1116 2165 ann.
1139 2105 1188 2176 VI,
1211 2107 1261 2166 49.
1287 2104 1366 2176 XIV,

189 2195 239 2252 56.
269 2193 336 2250 hist
355 2191 378 2263 I,
398 2194 438 2250 10
461 2192 575 2251 4444114
590 2191 652 2250 fati.
682 2190 735 2262 111,
755 2192 794 2251 65
815 2189 990 2250 offensarum
1008 2196 1119 2264 operta.
1143 2207 1165 2249 c.
1186 2194 1225 2250 76
1244 2207 1366 2249 444444

188 2279 317 2337 litorum.
356 2295 379 2336 c.
402 2279 443 2336 82
471 2295 524 2350 per
545 2282 670 2348 angusta
692 2282 721 2335 41
743 2275 856 2334 lubrica
877 2277 999 2335 viarum.
1036 2276 1087 2349 IV,
1110 2279 1149 2336 35
1176 2278 1288 2334 viarum
1311 2293 1367 2333 an·

188 2368 289 2443 gusta.
315 2380 339 2422 c.
363 2365 404 2422 50
427 2379 480 2435 per
502 2363 652 2422 inaccessa
674 2360 840 2433 mapalium.
873 2379 896 2419 c.
921 2364 961 2422 70
983 2364 1076 2423 44444
1097 2362 1224 2435 Alpium.
1255 2361 1366 2432 4441,

190 2453 227 2509 17
252 2450 363 2507 1444114
385 2449 534 2507 montium.
567 2450 651 2508 461
678 2447 791 2506 4444114
814 2447 948 2505 saltuum.
979 2464 1003 2506 c.
1023 2450 1062 2508 65
1087 2447 1219 2506 subiecta
1237 2446 1363 2504 vallium.

186 2535 226 2607 H,
245 2535 285 2596 68
308 2535 375 2593 avia
397 2536 531 2593 saltuum.
563 2533 613 2604 IV,
632 2534 670 2590 41
691 2532 783 2591 144114
802 2525 1008 2604 suspicionum.
1040 2551 1064 2592 c.
1083 2534 1123 2592 46
1142 2532 1283 2591 montium
1301 2532 1363 2590 441-

187 2621 234 2679 114.
266 2638 289 2678 c.
309 2623 348 2680 67
373 2636 460 2678 saeva
478 2625 637 2678 ventorum.
669 2618 718 2690 VI,
736 2617 775 2676 45
801 2618 1019 2677 simulationum
1035 2617 1119 2678 falsa.
1150 2617 1201 2690 XI,
1221 2619 1238 2676 9
1259 2618 1364 2676 444141-

187 2707 281 2764 lorum
301 2705 406 2764 ardua.
438 2703 505 2776 XII,
528 2706 569 2765 56
592 2704 733 2764 montium
756 2703 844 2762 edita.

350 2902 389 2968 B.
426 2902 477 2968 lle
500 2902 665 2984 genetivo
688 2903 844 2972 relativo
867 2903 1056 2972 4414411414
1079 2902 1212 2972 444114.

274 3045 319 3102 De
346 3044 466 3103 notione
488 3044 615 3116 genetivi
637 3045 759 3117 propria
782 3045 913 3117 quamvis
937 3045 1190 3105 414444114414141
1213 3046 1305 3116 44411,
1335 3048 1366 3104 14

188 3133 245 3190 hoc
267 3147 366 3190 omnes
390 3129 573 3202 conveniunt,
597 3131 674 3202 quod
696 3131 862 3202 genetivum
885 3133 994 3190 ducant
1015 3149 1069 3204 pro
1092 3149 1126 3190 eo
1145 3148 1224 3202 casu,
1248 3132 1297 3202 qui
1315 3150 1367 3190 no·

189 3218 288 3289 minis,
316 3215 363 3274 cni
389 3215 521 3287 additur,
549 3215 633 3286 qnasi
656 3217 781 3288 speciem
804 3215 955 3288 significet
1001 3217 1158 3278 Genetivus
1181 3216 1273 3287 igitur
1296 3235 1366 3289 qno-

190 3304 268 3362 niam
291 3319 376 3361 44444
395 3305 440 3359 441
457 3302 659 3372 44444144114,
682 3304 720 3362 44
738 3301 884 3362 441441144
902 3319 1017 3374 444444
1035 3303 1148 3362 4444411
1165 3304 1366 3362 1441444444

190 3393 312 3461 propter
339 3403 439 3446 eorum
466 3387 593 3446 indolem
621 3387 809 3461 nominalem,
840 3389 871 3447 id
898 3390 975 3460 quod
1004 3388 1113 3461 optime
1140 3389 1310 3460 agnoscitur
1337 3389 1367 3446 in

190 3473 355 3546 participiis
378 3473 542 3543 praesentis
564 3472 661 3544 441141,
684 3473 789 3544 quibus
813 3474 998 3545 genetivus
1021 3472 1152 3544 additur,
1180 3473 1205 3530 si
1227 3474 1368 3531 nomina

191 3558 271 3631 fiunt,
294 3558 533 3630 accusativus,
557 3559 581 3616 si
598 3557 657 3617 vim
678 3559 807 3618 retinent
824 3559 1011 3617 verbalem.
1047 3559 1148 3630 Neque
1166 3558 1253 3616 aliter
1270 3576 1318 3617 res
1337 3576 1368 3616 se

191 3645 281 3704 habet
303 3646 339 3703 44
359 3643 437 3702 44414
459 3643 622 3714 4414411414,
644 3643 750 3715 quibus
773 3644 923 3716 genetivus
945 3643 1115 3715 adiungitur
1138 3648 1171 3702 ut
1192 3645 1367 3714 nominibus,

191 3731 337 3790 ablativus
360 3730 406 3788 vel
429 3729 544 3788 dativus
566 3730 613 3787 vel
634 3729 877 3802 praepositIones,
900 3729 926 3787 si
948 3729 1069 3801 propius
1092 3731 1234 3789 accedunt
1256 3732 1295 3789 44
1316 3747 1368 3788 no-

192 3817 301 3875 tionem
318 3816 464 3875 verbalem
482 3815 562 3874 velnt
579 3814 705 3886 peritum
723 3833 787 3874 esse
805 3815 929 3874 alicuius
947 3815 990 3873 rei
1009 3821 1039 3873 et
1052 3817 1151 3888 aliqua
1165 3832 1198 3874 re
1211 3817 1256 3874 vel
1269 3816 1300 3872 in
1315 3815 1368 3874 ali·

193 3919 251 3974 qua
268 3918 309 3973 re,
327 3900 495 3973 imperitum
513 3901 614 3960 rudem
632 3899 756 3959 alicuius
771 3900 815 3958 rei
829 3906 859 3958 et
876 3899 906 3958 in
921 3900 1020 3972 aliqua
1032 3919 1073 3972 re,
1093 3901 1256 3960 studiosum
1265 3899 1286 3976 ¹)
1300 3917 1368 3972 pro·

192 3987 289 4060 prium
321 3986 443 4045 similem
476 3984 645 4046 dissimilem
677 4002 741 4045 esse
766 3985 890 4044 alicuius
916 3986 960 4045 rei
986 3990 1016 4045 et
1041 3987 1130 4046 alicui
1156 3987 1213 4057 rei,
1246 4003 1368 4058 quornm

193 4072 350 4146 praecipue
372 4077 522 4144 postrema
545 4071 703 4131 dilucidum
726 4075 770 4129 est
791 4071 858 4143 plus
879 4072 988 4130 babere
1006 4072 1135 4131 notionis
1154 4072 1319 4143 nominalis,
1341 4072 1365 4130 si

193 4175 258 4218 cum
279 4157 414 4230 genetivo
437 4159 661 4230 coniunguntur.
701 4156 802 4229 Neque
829 4155 915 4216 aliter
938 4155 1093 4217 8411441144
1116 4174 1180 4216 cum
1203 4156 1314 4216 diceret
1336 4157 1366 4217 in

264 4343 284 4412 ¹)
301 4344 379 4394 Plent.
398 4343 449 4394 mil.
467 4342 519 4397 802
536 4343 657 4395 adulterio
675 4343 813 4396 studiosus.
