3144 4862
682 342 890 408 ..53-

284 516 382 577 Verba
405 517 528 575 ‘clausos
552 518 677 588 quodam
699 518 786 578 modo
808 534 843 574 ac
864 517 978 575 vinctos
999 516 1048 595 (so.
1066 516 1223 594 Romanos)
1240 516 1271 576 di
1289 515 1373 574 nobis

200 603 392 663 tradiderunt’
414 601 613 662 Woelfflinius
634 609 785 676 comparat
807 621 871 662 cum
893 603 935 674 lg.
958 603 1009 674 59,
1027 603 1046 661 3
1068 620 1162 674 neque
1184 603 1294 661 diutius
1312 601 1373 658 Nn-

200 690 299 748 midae-
320 689 460 748 resistere
486 689 658 762 quivissent,
684 690 715 748 ni
742 691 855 762 pedites
878 706 943 747 cum
966 689 1112 761 equitibus
1133 689 1272 764 permixti
1293 704 1374 759 mag-

199 792 267 834 nam
289 776 401 834 cladem
423 775 454 832 in
477 791 635 847 congressu
652 775 795 846 facerent;
818 776 923 848 quibus
946 775 991 832 illi
1008 774 1077 833 freti
1095 793 1161 848 non,
1184 775 1228 833 uti
1246 773 1374 845 equestri

199 862 312 933 proelio
335 864 420 933 solet,
444 860 527 933 sequi
549 861 616 920 dein
638 863 754 934 cedere,
776 863 828 920 sed
850 862 984 919 advorsis
1006 861 1088 933 equis
1111 877 1297 931 concurrere,
1319 859 1374 917 im-

199 949 310 1019 plicare
328 964 362 1004 ac
380 948 554 1018 perturbare
572 948 677 1020 aciem;
695 948 747 1005 ita
769 947 948 1019 expeditis
967 946 1149 1019 peditibus
1168 947 1241 1005 suis
1259 947 1374 1003 hostis

198 1050 310 1105 paene
323 1034 462 1092 vinctos
478 1034 585 1105 dare'‚
600 1051 665 1092 cum
679 1051 733 1105 pro
747 1034 866 1105 ‘victos’,
879 1034 957 1104 quod
971 1039 1016 1090 est
1024 1033 1056 1090 in
1064 1033 1149 1092 libris
1159 1031 1374 1103 manuscriptis,

197 1120 385 1179 scribendum
408 1125 538 1178 censeret
559 1121 702 1190 ‘vinctos’;
726 1136 813 1191 quam
835 1119 1066 1178 emendationem
1083 1119 1223 1191 perpauci
1241 1134 1374 1190 compro-

198 1207 351 1265 baverunt.
383 1206 439 1264 Sed
454 1205 632 1278 expeditis
646 1206 794 1280 peditibus
809 1205 919 1279 opponi
930 1205 1266 1278 possunttantummodo
1275 1205 1374 1262 hostes

199 1292 299 1364 vincti,
322 1309 380 1351 nou
401 1291 484 1363 victi;
506 1292 685 1364 interpretor
707 1292 783 1350 enim
804 1293 894 1350 verba
912 1290 943 1348 in
960 1291 1038 1348 huno
1055 1293 1187 1350 modum:
1213 1290 1269 1362 „So
1287 1291 1374 1348 uber-

199 1378 295 1448 gaben
322 1377 364 1436 sie
390 1377 475 1435 ihren
502 1378 593 1437 durch
615 1378 720 1437 Nichts
746 1378 939 1439 behinderten
960 1375 1173 1436 Fusssoldaten
1195 1376 1243 1436 die
1264 1374 1375 1434 Feinde

199 1464 323 1521 beiuahe
348 1463 510 1536 gelesselt“
555 1464 585 1521 Si
611 1482 682 1523 vero
708 1465 863 1524 lectionem
889 1464 1034 1522 librorum
1054 1463 1223 1533 retinueriS,
1246 1461 1375 1531 intellegi

201 1567 260 1608 uon
289 1554 397 1622 potest,
434 1565 485 1606 cur
516 1549 671 1609 Sallustius
701 1552 822 1610 verbum
852 1549 1022 1622 ‘expeditus’
1052 1549 1209 1608 addiderit.
1252 1547 1375 1606 Jacobs-

200 1636 282 1694 Wirz
304 1636 394 1694 verba
415 1635 566 1707 ‘expeditis
589 1637 738 1708 peditibus
761 1637 831 1696 suis'
852 1637 902 1695 vix
918 1639 999 1693 recte
1016 1634 1247 1707 interpretantur
1265 1634 1375 1705 „durch

198 1721 388 1792 Anwendung
413 1721 493 1778 ihrer
519 1721 644 1780 leichten
670 1721 903 1796 Fusstruppen“;
929 1738 997 1779 nam
1024 1721 1067 1780 sic
1092 1721 1204 1792 equites
1231 1720 1375 1779 enuntiati

200 1807 362 1865 subiectum
383 1824 448 1865 esse
469 1823 527 1865 non
548 1814 680 1880 possunt,
703 1809 734 1868 id
756 1811 834 1880 quod
856 1808 1015 1879 requiritur
1033 1812 1155 1878 propter
1171 1807 1239 1865 ‘ita’.
1257 1839 1297 1849 -

200 1938 258 1992 Cat.
276 1941 326 2000 58,
336 1941 428 1993 9-10.
455 1937 488 1991 Si
501 1938 675 2002 vincimus,
694 1955 757 1994 om·
810 1956 833 1994 c.
847 1943 880 1994 33
894 1955 932 1993 or.
943 1941 1008 2007 Agr.
1022 1969 1055 1978 —
1069 1938 1177 1993 omnia
1188 1952 1295 2006 prona
1308 1935 1374 1990 sic-

233 2007 287 2060 nia
304 2007 382 2061 nobis
398 2012 459 2060 tuta
477 2012 610 2062 erunt—
629 2009 672 2063 sin
685 2016 759 2064 metu
845 2008 988 2070 toribus,
1019 2013 1102 2077 atque
1133 2007 1243 2062 eadem
1269 2005 1372 2060 victis

234 2076 407 2136 cesserimus,
426 2074 537 2130 eadem
554 2076 601 2130 illa
618 2077 759 2132 advorsa
845 2077 992 2132 adversa.
1009 2106 1043 2116 -

233 2144 307 2202 fient.
321 2175 355 2184 -
368 2143 438 2199 adde
450 2144 488 2213 lg.
505 2147 563 2208 114,
575 2147 593 2198 2
609 2146 759 2202 omniarir·

232 2215 286 2268 tuti
303 2228 368 2269 suae
385 2228 481 2282 prona.
500 2244 534 2252 —

199 2283 236 2350 lg.
251 2283 293 2344 51,
310 2285 328 2336 4
343 2283 373 2337 in
390 2281 472 2337 armis
489 2283 580 2338 omnia
597 2283 658 2339 sita.
675 2313 709 2335 -.
814 2297 889 2336 arma
906 2288 935 2337 et
951 2283 980 2336 in
996 2281 1039 2336 bis
1057 2281 1220 2337 sitaomnia.

285 2425 443 2484 Praeterea
466 2424 666 2485 conferantur:

198 2539 261 2593 hist.
278 2539 324 2594 IV.
344 2541 376 2592 61
393 2541 453 2619 (19),
473 2543 487 2591 1
505 2554 547 2608 ep.
565 2539 658 2596 Mithr.
700 2527 701 2532 ἵ
813 2538 876 2592 hist.
894 2539 929 2600 ll,
949 2541 981 2592 76
1000 2553 1038 2594 or.
1052 2537 1180 2591 Muciani.

200 2608 332 2668 Omnes,
351 2623 405 2676 qur
423 2608 548 2662 secundis
561 2610 644 2664 rebus
657 2609 713 2664 suis
726 2609 762 2663 ad
814 2608 943 2669 Omnes,
962 2606 1015 2675 qui
1033 2621 1192 2674 magnarum
1204 2619 1296 2659 rerum
1310 2619 1373 2658 con·

232 2675 298 2730 belli
320 2677 478 2730 societatem
502 2683 627 2739 orantur,
654 2679 762 2732 consi·
848 2675 908 2730 silia
933 2675 1096 2744 suscipiunt,
1123 2675 1302 2728 aestimare
1320 2673 1373 2727 de-

233 2744 352 2799 derare
365 2744 499 2806 debent,
512 2745 630 2800 liceatne
643 2751 701 2800 tum
714 2763 763 2816 pa·
846 2743 938 2806 bent,
969 2759 1005 2797 an
1035 2743 1108 2812 quod
1138 2742 1303 2810 inchoaturi,
1334 2741 1374 2795 rei

233 2828 406 2882 semegem,
433 2813 495 2867 dein
519 2814 591 2883 quod
614 2816 762 2883 quaeritur,
846 2812 971 2881 publicae
998 2812 1076 2875 utile,
1101 2811 1169 2881 ipsis
1195 2812 1373 2880 gloriosum

232 2882 336 2937 satisne
361 2883 436 2951 pium
465 2887 556 2937 tutum
582 2883 762 2952 gloriosum
847 2886 1051 2950 anproruptum
1064 2880 1164 2934 effectu
1178 2887 1228 2934 aut
1236 2885 1310 2934 certe
1319 2894 1374 2933 nou

233 2967 268 3004 an
285 2950 444 3005 indecorum
461 2952 504 3006 sit.
847 2949 963 3005 arduum
981 2949 1024 3005 sit.

200 3019 258 3074 Cat.
272 3021 314 3082 52,
328 3021 361 3074 35
376 3020 483 3075 oncat.
496 3051 530 3060 -
544 3020 591 3074 alii
604 3021 761 3076 intramoe-
813 3018 874 3073 hist.
893 3020 945 3082 ΠΙ,
963 3021 997 3073 38
1019 3034 1057 3073 or.
1076 3017 1132 3074 vit.
1150 3047 1184 3056 —
1201 3017 1230 3072 in
1251 3016 1319 3072 urbe
1341 3031 1374 3070 aa

232 3089 278 3142 nia
300 3094 383 3156 atque
399 3090 429 3142 in
446 3089 508 3143 sinu
526 3096 591 3144 suut
607 3091 709 3146 hostes.
847 3088 908 3143 sinu
927 3087 1077 3143 cavendum
1093 3087 1208 3141 hostem.

199 3158 237 3226 lg.
255 3159 294 3217 10,
312 3160 330 3210 4
347 3172 386 3210 or.
403 3157 508 3226 Micips.
527 3188 561 3197 -
813 3156 874 3211 hist.
893 3157 940 3220 IV,
958 3158 993 3210 52
1010 3172 1048 3211 or.
1067 3155 1129 3210 Titi.
1148 3185 1180 3194 -

199 3227 261 3282 Non
288 3225 435 3287 exercitus,
462 3242 518 3280 non
539 3227 662 3280 thesauri
683 3240 760 3294 prae·
812 3225 876 3282 Non
900 3225 1035 3294 legiones,
1061 3239 1118 3278 non
1138 3223 1240 3278 classes
1261 3221 1374 3292 perinde

234 3294 303 3349 sidia
316 3294 393 3362 regni
405 3301 475 3356 sunt,
489 3295 679 3360 verumarnioi,
694 3310 762 3363 quos
846 3293 926 3348 firma
949 3292 1055 3362 imperii
1080 3292 1260 3355 munimenta,
1292 3307 1374 3360 quam

234 3377 322 3431 neque
349 3363 431 3418 armis
457 3377 554 3432 cogere
580 3378 668 3431 neque
694 3379 761 3417 auro
847 3376 990 3416 numerum
1010 3361 1171 3422 liberorum
1192 3375 1256 3414 nam
1273 3360 1374 3414 amicos

234 3446 333 3499 parare
351 3446 442 3499 queas.
846 3437 970 3500 ternpore
996 3431 1107 3485 fortuna
1133 3429 1305 3496 cupidinibus
1327 3428 1374 3482 ali·

848 3498 958 3570 quando
993 3506 1042 3555 aut
1075 3497 1214 3552 erroribus
1252 3497 1374 3552 imminui

818 3576 821 3581 “
846 3567 990 3623 transferri
1008 3567 1139 3622 desinere.

813 3664 846 3675 -
863 3636 925 3692 hist.
942 3636 990 3698 iv,
1008 3641 1032 3691 7.
1057 3636 1171 3691 Nullum
1196 3635 1282 3690 maius
1308 3635 1374 3689 boni

846 3705 952 3785 imperii
963 3706 1182 3765 instrumentum,
1197 3719 1278 3772 quam
1286 3705 1373 3759 bonos

846 3788 956 3829 amicos.

201 3845 259 3898 Cat.
278 3845 319 3904 20,
338 3844 370 3898 16
387 3843 430 3897 vel
442 3843 607 3911 imperatore
620 3843 663 3898 rel
676 3841 761 3897 milite
812 3842 874 3897 hist.
892 3843 939 3904 IV,
956 3843 991 3896 66
1007 3857 1045 3895 or.
1061 3840 1134 3895 Givil.
1153 3870 1186 3879 -
1204 3856 1253 3895 seu
1266 3857 1309 3895 me
1324 3841 1372 3896 du·

234 3927 278 3966 me
295 3911 407 3965 utimini.
845 3926 904 3964 cem
920 3927 969 3967 seu
985 3911 1097 3964 militem
1114 3910 1247 3965 mavultis.

143 4037 147 4046 ,
201 3981 246 4036 Ps.
261 3980 324 4035 Sall.
338 3995 379 4048 op.
394 3979 429 4033 od
443 3981 519 4033 Caes.
532 3979 567 4040 Il,
582 3983 622 4047 13,
637 3978 761 4047 bliard.)
811 3979 873 4034 hist.
891 3980 938 4041 IV,
956 3983 990 4033 74
1007 3993 1049 4035 ex.
1067 3994 1106 4032 or.
1124 3978 1227 4032 Gereal.
1247 4008 1280 4017 -

203 4049 308 4117 Quippe
330 4050 354 4103 si
375 4048 469 4103 morbo
485 4049 540 4103 iam
558 4054 606 4101 aut
623 4047 681 4102 fato
698 4048 760 4101 huic
811 4049 882 4105 Nam
898 4049 984 4118 pulsis
1021 4047 1075 4100 uod
1093 4047 1121 4100 di
1137 4046 1301 4115 prohibeant
1318 4049 1372 4103 Ro·
1473 4089 1478 4100 .

234 4117 347 4185 imperio
365 4131 444 4171 secus
461 4117 574 4178 accidat,
593 4116 637 4170 cui
650 4116 760 4171 dubium
846 4117 941 4180 manis,
959 4064 1024 4185 quia
1041 4115 1115 4170 aliud
1133 4132 1214 4184 quam
1231 4117 1304 4170 bella
1316 4133 1372 4172 om-

236 4193 286 4248 est,
304 4185 370 4254 quin
387 4200 439 4254 per
456 4185 550 4239 orbern
566 4191 702 4238 terrarum
715 4201 760 4240 va-
846 4186 920 4240 nium
932 4186 1004 4240 inter
1017 4201 1046 4242 se
1059 4183 1179 4253 gentium
1188 4185 1325 4242 existent?
1338 4216 1371 4224 —

236 4254 315 4308 stitas
332 4254 404 4309 bella
421 4254 519 4309 caedes
536 4254 678 4309 oriantur?

202 4323 240 4392 lg.
255 4325 297 4383 49,
310 4325 377 4377 2-3
392 4323 497 4392 eulog.
507 4322 760 4392 -Quaeabimpe
810 4322 873 4378 hist.
887 4323 920 4384 V,
936 4327 968 4377 17
982 4339 1021 4376 or.
1035 4321 1109 4378 Civil.
1141 4321 1217 4391 Quae
1234 4321 1370 4391 provideri
1390 4323 1395 4332 ”

236 4398 329 4448 ratorc
347 4391 497 4454 decuerint,
519 4392 608 4448 omnia
625 4391 682 4448 suis
698 4407 760 4460 pro-
783 4391 788 4463 Ι
846 4397 907 4445 astu
917 4391 994 4447 ducis
1002 4391 1163 4461 oportuerit,
1171 4393 1288 4460 provisa,
1299 4405 1370 4445 cam-
