3144 4862
710 320 920 384 ,13-

226 497 357 550 nostram
379 491 505 563 pertinet
526 491 665 551 adiectivi
682 493 831 550 ‘maturus'
849 491 1053 563 superlativus,
1076 508 1160 563 quem
1177 493 1297 552 Tacitus
1320 493 1407 554 finxit

226 594 285 635 non
303 576 544 647 ‘maturissimns’,
562 582 595 635 nt
613 578 696 648 solet,
714 577 765 635 sed
783 576 996 648 ‘maturrImns',
1015 577 1067 635 cfr.
1084 595 1151 639 ann.
1164 577 1233 650 XII,
1247 580 1297 638 65.
1310 580 1405 639 robur

226 663 333 720 aetatis
360 678 446 733 quam
472 661 674 720 maturrimum
695 662 819 734 precari.
863 661 921 720 Sed
943 679 978 720 ex
999 662 1112 720 Placidi
1135 663 1280 735 glossario
1290 663 1312 742 ¹)
1333 681 1404 738 cog·

227 747 373 807 noscimus
395 749 432 807 ab
456 748 523 806 61116
542 763 665 819 quoque,
688 747 830 819 imprimis
854 763 872 805 a
890 747 1038 818 Sallustio,
1060 749 1136 805 hanc
1154 750 1326 821 superlativi
1344 749 1407 809 for-

226 849 301 890 mam
324 833 487 893 adhibitam
510 849 581 903 esse,
603 831 661 890 nisi
683 831 760 891 ferte
777 831 914 891 Placidus
937 833 1057 905 respicit
1079 834 1117 892 ad
1141 835 1312 894 adverbium
1335 839 1406 894 ‘ma-

226 919 366 989 turrime’,
389 920 467 990 quod
485 916 684 988 frequentiore
705 916 736 976 in
758 935 813 977 usu
831 922 889 976 est:
912 917 976 977 ilat.
993 917 1029 978 fr.
1048 935 1089 977 or.
1107 918 1130 989 Ι,
1150 921 1168 979 6
1187 919 1269 978 Jord.
1288 919 1347 980 Cic.
1367 922 1405 980 de

227 1020 269 1062 or.
287 1003 342 1075 III,
361 1005 409 1075 20,
429 1004 478 1062 74.
505 1002 586 1062 Caes.
604 1003 632 1060 b.
650 1017 677 1073 g.
695 1001 719 1073 1,
738 1002 787 1074 33,
805 1005 834 1062 4.
858 1003 926 1061 Sall.
944 1003 1011 1062 hist.
1030 1002 1054 1074 1,
1072 1005 1114 1061 44
1129 1004 1189 1082 (47)
1207 1006 1247 1064 48
1264 1003 1333 1081 (51),
1354 1009 1405 1066 16.

225 1089 294 1149 Tac.
315 1089 339 1160 Ι,
357 1089 407 1149 83.
429 1087 492 1159 XV,
511 1087 552 1146 74
574 1088 610 1146 al.

309 1174 424 1234 Deinde
442 1173 580 1232 Sallustio
596 1172 757 1244 Tacitoqua
774 1172 934 1233 communis
952 1177 998 1231 est
1016 1174 1211 1245 superlativus
1225 1177 1405 1236 ‘strenuissi-

225 1262 305 1318 mus'.
327 1260 372 1318 De
391 1257 610 1330 comparatione
627 1257 838 1320 adiectivorum
857 1275 966 1332 eorum,
981 1274 1055 1330 quae
1073 1262 1201 1319 vocalem
1219 1263 1406 1320 6616161611-

224 1345 373 1404 nationem
389 1345 506 1415 habent,
523 1343 692 1404 Priscianus
710 1345 796 1404 docet
813 1345 887 1402 haec
898 1344 935 1415 (p.
951 1344 1001 1404 86.
1018 1342 1077 1422 H.):
1100 1344 1300 1405 ‘Inveniuntur
1313 1364 1404 1419 quae·

226 1429 301 1501 dam,
324 1446 398 1501 quae
416 1429 546 1501 quamvis
569 1429 629 1488 sint
650 1428 822 1502 accidentia,
844 1430 875 1489 id
898 1433 944 1488 est
966 1429 1118 1502 adieetiva,
1141 1436 1170 1490 et
1192 1448 1292 1492 eorum
1311 1433 1405 1506 signi·

224 1513 323 1574 ficatio
350 1515 459 1588 exigat,
486 1517 519 1573 ut
540 1514 651 1574 faciant
673 1515 881 1591 comparative,
906 1520 1005 1574 tamen
1031 1533 1090 1575 non
1116 1518 1262 1576 habentur
1288 1519 1319 1576 in
1345 1536 1404 1578 usu

224 1599 380 1672 frequenti.
415 1601 488 1660 Sunt
510 1605 607 1659 eutem
629 1616 665 1659 ea
686 1601 865 1678 plerumque,
887 1615 962 1672 quae
983 1602 1098 1660 vocales
1122 1607 1190 1661 ante
1212 1621 1261 1661 -us
1283 1603 1405 1677 habent,

224 1691 257 1744 ut
274 1687 340 1758 pius
356 1685 491 1758 egregins
508 1687 618 1746 arduus
637 1685 743 1746 dubius
761 1691 905 1745 strenuus.
941 1685 1139 1746 Vetustissimi
1157 1694 1254 1746 tamen
1267 1689 1404 1748 huiusce-

225 1772 305 1830 modi
326 1771 533 1844 comparativis
556 1775 624 1830 snnt
645 1769 738 1848 usti).
773 1771 941 1830 Priscianus
959 1771 1097 1831 hocloco
1116 1789 1179 1832 eam
1199 1773 1314 1832 dicendi
1328 1791 1404 1847 pro-

225 1858 379 1929 prietatem
406 1857 611 1917 vetustissimis
637 1857 780 1930 vindicat,
807 1856 855 1915 cui
880 1855 1062 1917 addendum·
1078 1863 1124 1917 est
1150 1859 1307 1918 retinuisse
1337 1877 1404 1919 eam

225 1960 388 2002 sermonem
419 1942 619 2002 cottidianum.
673 1941 776 2004 Cicero
807 1942 884 2001 enim
914 1941 996 2020 (Phil.
1031 1944 1079 2015 13,
1109 1941 1160 2019 43)
1190 1945 1403 2018 superlativum
1523 1940 1527 1957 '

225 2029 377 2102 ‘piisimus’
394 2029 431 2088 ab
450 2028 580 2088 Antonio
598 2032 771 2100 usurpatum
789 2027 907 2087 omnino
926 2028 1035 2086 nullum
1053 2045 1117 2088 esse
1134 2029 1165 2087 in
1182 2029 1282 2102 11113116
1299 2031 1402 2103 latina,

225 2115 277 2173 sed
299 2115 335 2174 ab
355 2131 400 2196 eox
413 2130 518 2174 novum
540 2113 692 2174 inductum
713 2129 778 2172 cum
796 2113 995 2184 contenderet,
1018 2115 1068 2186 qui
1086 2116 1281 2188 superlativus
1299 2122 1404 2189 postea

225 2202 386 2258 sexcenties
413 2200 443 2258 in
465 2199 560 2258 titnlIs
587 2199 737 2260 adhibitus
759 2199 907 2260 invenitur
929 2214 1022 2272 neque
1048 2216 1066 2257 a
1092 2201 1287 2273 scriptoribus
1312 2203 1402 2275 primi

224 2293 292 2358 post
310 2286 376 2344 Chr.
399 2304 426 2344 n.
450 2285 540 2344 seculi
562 2285 688 2344 reiectus
707 2289 752 2344 est
770 2281 882 2362 [Senec.
901 2290 993 2343 contr.
1012 2287 1041 2357 9,
1060 2287 1177 2364 27,14.
1204 2287 1401 2348 senescens.

224 2373 263 2432 ad
283 2371 384 2446 Polyb.
409 2375 437 2444 7,
453 2371 482 2430 4.
505 2370 585 2430 61111
609 2372 684 2447 9,6,
703 2373 752 2431 17.
774 2368 1014 2450 ’1661131431
1041 2370 1175 2431 Ciceroni
1197 2379 1258 2430 tum
1282 2374 1400 2433 omnino

225 2475 290 2515 eum
317 2474 375 2517 non
401 2457 566 2516 adhibitum
594 2473 658 2517 esse
685 2473 744 2515 non
770 2458 933 2527 credemus,
965 2457 1018 2516 sed
1040 2458 1167 2516 sermoni
1185 2458 1399 2519 vindicabimus

224 2559 289 2602 eum
313 2543 484 2602 cottidiano.
522 2541 624 2614 Neque
645 2547 759 2601 ceteros
781 2542 885 2600 herum
908 2542 1119 2601 adiectivorum
1137 2546 1352 2618 comparativos
1371 2551 1401 2604 et

225 2631 419 2702 superlativus
446 2627 548 2703 paucis
570 2628 699 2700 exceptis
726 2627 889 2687 invenimus
916 2627 974 2686 nisi
1000 2630 1079 2701 apud
1101 2635 1214 2689 veteres
1241 2648 1400 2703 eorumque

224 2719 384 2774 sectatores
410 2720 462 2773 aut
487 2713 566 2787 apud
593 2731 656 2787 eos,
684 2730 806 2785 quorum
834 2713 930 2772 oratio
953 2714 1076 2787 propior
1097 2719 1142 2773 est
1164 2715 1291 2774 sermoni
1313 2718 1400 2775 cotti·
1513 2754 1518 2797 ,ι
1553 2695 1559 2719 ³

224 2802 321 2861 diano.
359 2800 497 2873 Legimus
526 2801 606 2872 apud
627 2799 763 2858 Plautum
785 2799 840 2870 Ep.
867 2799 939 2857 442.
965 2799 1121 2858 strenuior.
1160 2800 1265 2858 Pseud.
1287 2817 1313 2860 v.
1338 2804 1399 2861 115

223 2885 433 2963 strenuissime,
455 2886 505 2958 qui
522 2885 716 2958 superlativus
734 2888 830 2944 exstat
847 2884 936 2943 etiam
953 2886 1032 2958 apud
1050 2884 1113 2942 061
1130 2901 1154 2942 r.
1172 2901 1195 2942 r.
1213 2885 1305 2957 praef.
1323 2884 1351 2962 ξ.
1370 2888 1399 2946 4.

224 2972 316 3032 Lucil.
334 2970 412 3030 XVL
430 2989 456 3032 v.
476 2973 526 3032 19.
543 2971 584 3030 Μ.
607 2971 675 3030 Sall.
694 2969 758 3030 Cat.
777 2971 827 3042 61,
847 2973 873 3029 7.
896 2970 969 3028 Plin.
988 2987 1016 3030 n.
1030 2971 1058 3029 h.
1074 2971 1121 3040 18,
1137 2970 1165 3029 6.
1187 2969 1255 3028 Tac.
1268 2969 1337 3029 hist.
1350 2970 1399 3040 IV,

224 3059 275 3120 69.
295 3057 397 3116 Ibunt.
419 3057 458 3116 ad
479 3057 562 3116 amic.
584 3056 608 3128 Ι,
631 3058 659 3117 6.
690 3055 812 3127 Eutrop.
831 3055 867 3127 X,
886 3056 914 3115 9.
941 3055 1041 3128 Veget.
1063 3056 1091 3114 d.
1108 3070 1132 3112 r.
1150 3071 1186 3112 m.
1203 3053 1227 3127 I,
1245 3055 1274 3112 8.
1293 3083 1334 3096 -
1352 3053 1397 3111 in-

224 3143 355 3204 dustrior
380 3142 474 3202 Plaut.
500 3146 589 3204 Most.
617 3142 686 3200 143.
722 3141 797 3202 adde
822 3139 885 3200 Cat.
913 3158 954 3200 or.
977 3138 1111 3199 XXXVI.
1138 3138 1321 3198 11216111.
1365 3139 1396 3200 C.

223 3229 373 3290 Gracchus
401 3245 444 3288 or.
467 3230 495 3288 9.
516 3228 558 3288 M.
583 3226 788 3301 patruissimus
814 3226 909 3286 Plaut.
930 3226 1017 3285 Poen.
1044 3228 1078 3297 5,
1104 3225 1137 3294 4,
1160 3223 1209 3283 24.
1231 3257 1274 3270 -
1295 3223 1396 3298 Longe

223 3314 350 3388 plurima
366 3313 456 3373 habet
469 3313 551 3373 (lato.
570 3329 612 3372 or.
625 3312 693 3384 XII,
706 3313 762 3372 inc.
777 3313 836 3372 sed.
849 3310 887 3372 fr.
902 3315 928 3370 1.
942 3309 1166 3384 perpetuissimo
1185 3311 1339 3370 curriculo.
1354 3329 1396 3371 or.

222 3399 362 3460 XXXlIL
379 3398 415 3459 fr.
431 3403 458 3460 1.
477 3399 655 3472 perpetuius.
674 3416 715 3457 or.
729 3397 784 3456 III.
799 3397 976 3458 arduissimo
990 3396 1080 3455 aditu.
1099 3392 1397 3458 1116.1111.11.’2.1161

223 3487 354 3546 arduius.
373 3502 415 3546 or.
428 3485 465 3546 X.
482 3486 673 3544 innoxiorem.
703 3484 790 3556 Apud
808 3483 969 3542 Varronem
991 3485 1059 3540 sunt
1077 3478 1313 3541 ‘assiduissimus'
1329 3500 1353 3543 r.
1372 3500 1396 3542 r.

225 3575 253 3644 2,
273 3574 301 3644 9,
321 3574 369 3633 16.
392 3573 440 3642 10,
460 3573 478 3630 6
496 3573 571 3630 adde
589 3570 647 3628 (lic.
660 3569 742 3629 Brut.
758 3571 807 3641 91,
820 3569 891 3628 316.
918 3565 1082 3638 6116111113.
1097 3568 1135 3625 71
1152 3599 1191 3609 -
1206 3572 1236 3627 61
1248 3569 1395 3627 ‘caesissi-

223 3659 296 3716 mus’
313 3658 363 3717 1.1.
381 3658 410 3729 8,
426 3659 464 3718 76
480 3688 519 3699 -
534 3657 631 3728 Apud.
648 3655 755 3715 Pacuv.
772 3659 809 3712 tr.
827 3672 853 3714 v.
872 3653 944 3729 230,
961 3651 1077 3710 Lucret.
1096 3652 1123 3723 4,
1141 3653 1212 3713 469.
1230 3654 1332 3713 Juven.
1347 3654 1395 3726 11,

226 3745 265 3800 12
292 3744 414 3814 legimus
440 3741 592 3815 ‘egregius'
617 3757 671 3813 pro
698 3739 862 3814 ‘egregiius’
887 3744 917 3797 et
943 3737 1186 3809 ‘egregiissimum
1237 3739 1395 3797 Praeterea

223 3845 318 3899 pauca
343 3828 484 3901 reperies:
513 3827 617 3886 noxior
642 3827 720 3897 apud
744 3825 842 3884 Senec.
868 3821 952 3882 clem:
971 3823 993 3893 l,
1018 3823 1066 3903 13,
1088 3825 1116 3883 2.
1139 3855 1179 3868 -
1202 3822 1394 3883 vacuissimus

224 3915 303 3985 apud
316 3913 367 3973 Ov.
380 3913 464 3974 Pont.
477 3913 533 3985 ΙΠ,
549 3917 576 3986 1,
591 3913 660 3972 141.
677 3944 713 3956 -
729 3909 933 3983 exiguissimus
947 3909 1026 3983 apud
1039 3911 1124 3970 eund.
1134 3911 1194 3969 her.
1209 3909 1394 3980 14111-

294 4134 354 4196 ι11)·
373 4132 407 4184 64
424 4135 453 4182 D.
473 4134 517 4183 cib.
535 4133 604 4184 Neue
622 4131 711 4182 Forml.
730 4129 760 4193 ll,
778 4145 802 4193 p.
823 4129 879 4182 106,
898 4158 931 4167 ..

293 4200 313 4262 ⁹)
330 4202 447 4264 Dfflessel·
483 4203 545 4251 ffiS'·
568 4203 637 4266 Sint·
660 4200 720 4264 129·
739 4197 780 4248 22·
802 4214 857 4262 sqq.
877 4200 997 4249 -Neue
1018 4199 1048 4264 11,
1069 4198 1118 4248 112
1139 4213 1195 4260 sqq.
1212 4196 1314 4247 1111111161·
1331 4197 1349 4262 l,
1367 4214 1391 4262 p.

223 4270 281 4323 260.
299 4285 354 4333 sqq.
