3144 4862
686 295 898 360 -33..

138 529 143 540 ,
200 473 345 532 Neutrum
376 469 424 528 ein
446 467 590 528 Pradikat
617 487 652 527 zu
680 470 744 529 dem
772 467 896 530 Genetiv
922 472 982 530 und
1004 488 1081 529 zuar
1104 488 1149 544 so,
1174 472 1242 530 dass
1265 488 1296 530 es
1319 476 1382 530 eut·

201 559 297 618 vader
328 554 461 614 aiemlioh
489 553 748 626 gleicbbodentond
777 556 816 615 ist
843 557 896 614 mit
922 557 975 616 der
1001 555 1229 616 unmittelbaren
1255 557 1382 628 11101111-

201 644 319 702 visoben
347 640 551 711 Verbindung,
582 641 645 699 also
673 641 726 699 der
748 640 872 700 Genetiv
900 641 947 700 die
973 642 1254 714 Hauptvorstellung
1281 641 1382 712 bleibt,

202 730 255 789 vvie
278 731 373 788 strata
390 725 504 786 viarum
522 729 594 784 statt
613 724 678 784 viae
696 732 816 797 stratae,
839 728 936 787 voher
954 727 1028 784 anob
1047 727 1184 786 zuveilen
1202 728 1250 786 ein
1269 728 1382 787 solober

201 814 337 874 Weobsol
359 811 532 883 vorkommt,
555 811 608 870 vie
630 811 677 870 bei
699 812 768 871 Tac.
790 829 857 871 ann.
875 810 899 870 I.
919 814 955 872 61
978 812 1097 871 humido
1122 813 1261 886 paludum
1281 812 1382 872 01111-

201 899 314 960 lacibus
336 897 456 970 campis,
479 897 551 956 odor
574 899 626 956 das
644 897 786 957 Neutrum
809 898 848 956 ist
870 897 917 955 ftr
939 897 1001 956 sicb
1024 899 1067 956 als
1085 898 1253 957 abstrakter
1271 897 1384 971 Begriff

203 1004 239 1046 zu
265 984 451 1054 batrachton,
478 982 525 1041 ltr
552 984 607 1042 don
634 1000 665 1042 es
693 984 737 1042 olt
763 984 832 1042 kain
858 982 1028 1042 Substantiv
1055 983 1147 1055 giebt,
1179 1002 1203 1041 z.
1226 983 1261 1043 B.
1282 984 1383 1043 inania

202 1072 372 1132 bonorum.“
417 1068 529 1139 Quibus
552 1069 649 1128 verbis
672 1086 765 1143 pauca
787 1070 923 1129 addenda
945 1073 1020 1126 sunt.
1056 1070 1099 1127 Ao
1120 1068 1247 1140 primum
1265 1069 1383 1141 quidem

202 1158 281 1217 baud
309 1155 431 1216 dubium
457 1169 522 1213 osse
547 1160 656 1227 potest,
688 1155 758 1226 quin
785 1155 929 1214 eiusmodi
955 1155 986 1212 in
1008 1154 1204 1216 locutionibus
1227 1161 1260 1214 ut
1282 1154 1382 1214 inania

202 1245 346 1301 honorum
363 1245 499 1300 neutrum
517 1239 655 1298 adiectivi
673 1240 813 1312 fungatur
831 1240 894 1299 vice
912 1239 1088 1298 substantivi
1102 1240 1254 1299 abstracti.
1281 1240 1382 1313 Neque

204 1328 332 1386 Haasius
353 1343 412 1385 non
434 1329 514 1384 recte
536 1325 744 1385 animadvertit
766 1332 870 1384 neutra
887 1325 1096 1384 adiectivorum
1111 1325 1254 1397 adbiberi,
1272 1327 1382 1386 111111-

204 1413 332 1474 stantiva
357 1410 560 1471 convenientia
588 1410 726 1470 deficiunt
747 1413 793 1471 vel
815 1428 874 1471 non
896 1410 940 1469 ita
962 1415 1029 1470 sunt
1052 1410 1171 1477 usitata,
1214 1412 1280 1470 Huo
1302 1429 1382 1486 spec·

204 1503 269 1558 tant
291 1499 357 1564 Sall.
381 1497 448 1556 bist.
470 1496 494 1556 Ι.
514 1498 551 1555 19
570 1497 631 1573 (21)
649 1513 701 1569 per
719 1496 833 1556 incerta
850 1495 966 1569 generis
984 1495 1103 1555 humani
1122 1514 1216 1556 orare.
1249 1496 1314 1556 Liv.
1332 1499 1382 1568 30,

206 1586 258 1656 15,
280 1587 300 1642 4
323 1583 362 1642 ad
387 1583 501 1642 incerta
526 1583 671 1642 fortunae.
716 1581 784 1642 Tac.
807 1583 875 1643 bist.
898 1582 925 1654 Ι,
949 1584 989 1642 26
1016 1582 1129 1640 incerta
1157 1581 1260 1642 noctis.
1293 1601 1318 1642 o.
1342 1587 1381 1644 77

202 1670 390 1743 proeliorum.
426 1685 492 1728 ann.
515 1667 571 1740 ΠΙ,
594 1670 635 1728 54
658 1667 756 1728 maris.
790 1668 840 1741 IV,
860 1669 899 1728 23
919 1665 1018 1743 belli1)
1044 1666 1096 1738 XI,
1113 1659 1286 1727 20000111.
1315 1670 1382 1728 hist.

202 1755 253 1827 LV,
271 1758 310 1816 81
332 1753 529 1828 Vespasianus
548 1760 646 1814 corta
669 1754 775 1813 maris
794 1754 1011 1827 opperiebatur.
1030 1785 1070 1796 -
1089 1753 1158 1811 Sall.
1181 1753 1248 1814 bist.
1266 1753 1322 1813 111.
1341 1757 1380 1814 61

202 1841 274 1916 (82),
296 1842 317 1900 4
344 1839 434 1900 statui
457 1840 663 1899 certaminis
686 1842 839 1899 advorsa
860 1857 915 1912 pro
937 1840 1076 1898 libertate
1093 1837 1211 1910 potiora
1228 1856 1292 1899 esse
1310 1839 1382 1899 forti

202 1927 266 1985 viro
294 1942 381 1998 quam
404 1925 520 1984 omnino
547 1943 606 1985 non
629 1931 766 1986 certasse.
807 1925 947 1985 Similiter
968 1925 1037 1983 Tac.
1059 1941 1126 1982 ann.
1150 1924 1200 1995 VI,
1223 1926 1262 1986 36
1285 1941 1382 1997 rogem
1442 1971 1445 1979 ,

204 2029 321 2072 saevum
344 2012 374 2070 in
396 2028 469 2082 pace
486 2016 515 2071 01
533 2011 693 2072 adversis
715 2011 935 2085 proeliorum
954 2010 1119 2070 exitiosum.
1137 2041 1178 2071 -.-
1197 2010 1264 2069 bist.
1282 2009 1321 2082 II,
1340 2013 1380 2071 33

203 2097 301 2157 dubiis
328 2098 507 2172 proeliorum
530 2103 688 2172 exemptus.
728 2096 869 2167 01117,
893 2099 911 2157 6
934 2095 1140 2155 infecunditati
1162 2100 1309 2155 terrarum
1331 2103 1382 2156 aut

202 2183 316 2257 asperis
334 2183 424 2242 meris
443 2183 558 2242 obviam
576 2181 653 2264 1111)1
681 2182 767 2254 Verg.
785 2181 892 2254 Georg.
912 2186 939 2254 1,
957 2183 1020 2241 478
1039 2181 1092 2240 sub
1109 2182 1265 2240 obscurum
1279 2182 1382 2242 noctis.

202 2268 272 2328 Tac
294 2269 362 2328 bist.
385 2267 425 2340 H,
449 2270 489 2327 14
511 2268 542 2326 ni
564 2268 705 2329 victorem
730 2268 888 2327 exercitum
912 2267 1081 2327 attinuisset
1104 2268 1260 2327 obscurum
1278 2267 1382 2328 noctis.

202 2354 253 2426 IV,
276 2355 317 2414 50
340 2355 465 2414 obscuro
488 2355 584 2414 adhuc
606 2360 728 2427 coeptae
749 2355 832 2414 11011.
867 2370 933 2413 011.
951 2352 990 2425 Π,
1009 2355 1049 2413 39
1074 2352 1198 2412 obscuro
1218 2352 1286 2412 diei.
1318 2353 1381 2414 Val.

203 2441 281 2500 Max.
303 2439 354 2511 IX,
378 2443 406 2511 6,
429 2442 447 2498 2
470 2439 501 2497 11
523 2439 701 2513 profundum
723 2445 887 2512 puteorum.
921 2438 1056 2498 Frontin.
1077 2437 1101 2510 I,
1124 2440 1213 2510 3,10
1234 2437 1384 2512 profunda

205 2525 351 2584 silvarum.
388 2525 456 2583 Tac.
478 2526 548 2596 Agr.
571 2543 595 2584 c.
618 2528 657 2586 25
681 2543 746 2584 oum
765 2526 934 2585 attollerent
952 2525 1091 2584 silvarum
1109 2528 1138 2582 et
1155 2523 1297 2582 montium
1314 2542 1383 2598 pro·

205 2610 304 2672 funda.
322 2643 362 2654 -
381 2611 451 2669 Tac.
472 2627 539 2669 ann.
562 2610 601 2683 II,
622 2611 661 2673 76
679 2612 780 2670 inania
797 2610 902 2670 lamae.
937 2610 987 2682 IV,
1006 2611 1046 2669 59
1065 2626 1142 2668 vana
1158 2608 1294 2669 rumoris.
1326 2610 1384 2670 Sed

205 2696 273 2754 hino
301 2697 461 2757 abhorrere
492 2697 653 2756 locutiones
684 2701 788 2756 ‘strata
818 2697 941 2756 viarum'
971 2696 1100 2755 ‘humido
1131 2695 1279 2778 paludum’
1309 2696 1383 2755 alias

205 2782 279 2842 tales
302 2781 454 2853 maiusque
476 2781 506 2840 in
528 2782 574 2840 bis
596 2783 712 2857 pondus
734 2800 799 2842 esso
821 2781 948 2854 genetivi
970 2798 1056 2853 quam
1074 2781 1213 2839 adiectivi
1230 2780 1302 2840 mihi
1320 2783 1384 2855 qui·

204 2868 270 2926 dem
292 2867 418 2927 Haasins
446 2883 505 2926 non
532 2869 691 2941 persuasit:
722 2868 809 2928 immo
836 2868 862 2927 is
889 2885 959 2927 usus
982 2885 1017 2926 01
1038 2867 1104 2940 ipsa
1126 2883 1163 2926 ex
1183 2883 1216 2926 re
1240 2867 1382 2939 originem

204 2952 321 3012 videtur
342 2951 480 3023 traxisse,
508 2955 585 3024 quod
603 2953 779 3014 adiectivum
803 2953 896 3013 mains
919 2953 1046 3013 babebat
1067 2953 1182 3026 pondus
1205 2969 1291 3024 quam
1313 2954 1382 3012 sub·

206 3039 373 3110 stantivnm,
401 3039 444 3096 ita
465 3044 498 3095 ut
521 3040 697 3099 substantivi
718 3040 841 3099 vinculis
865 3057 928 3099 sese
950 3038 1081 3098 studeret
1103 3038 1239 3098 liberare.
1282 3037 1381 3113 Ipsum

204 3123 296 3195 igitur
319 3124 376 3184 sibi
398 3123 566 3183 conciliavit
588 3125 646 3183 vim
667 3125 846 3185 substantivi
869 3130 958 3197 atque
981 3123 1204 3195 substantivum,
1226 3125 1274 3182 cui
1296 3124 1381 3183 attri-

203 3209 303 3269 butivo
325 3209 427 3269 addita
448 3215 521 3280 erat,
543 3210 601 3269 sibi
623 3211 758 3270 adiunxit
780 3210 915 3282 genetivo
937 3226 1017 3270 casu.
1061 3209 1091 3268 si
1114 3209 1233 3268 Tacitus
1257 3208 1329 3268 dioit
1351 3211 1381 3268 in

202 3312 270 3352 ann.
300 3292 343 3364 H,
375 3294 415 3354 68
446 3295 523 3353 ‘avia
553 3298 678 3354 saltuum
710 3295 805 3370 petit’,
835 3296 894 3354 vim
924 3295 1066 3354 maiorem
1097 3293 1203 3354 tribuit
1233 3293 1379 3354 adiectivo

202 3380 294 3450 ‘avia';
325 3385 355 3440 et
376 3379 406 3437 in
433 3380 608 3453 111.Ι,17
636 3383 695 3441 ‘ubi
723 3399 775 3456 per
802 3398 908 3440 nomon
934 3396 1072 3452 agrorum
1093 3380 1219 3452 uligines
1241 3380 1381 3451 paludum

202 3467 248 3524 vel
273 3464 384 3523 incultu
414 3466 555 3524 montium
588 3468 756 3540 accipiant’,
788 3483 873 3539 quam
904 3483 996 3540 prope
1026 3466 1154 3528 ‘inculta'
1179 3467 1217 3525 ad
1244 3465 1380 3524 substan·

202 3550 257 3609 tivi
287 3550 430 3609 abstracti
460 3551 518 3609 vim
546 3555 677 3625 accedat,
709 3539 852 3613 cardimus
882 3552 914 3610 in
941 3552 1038 3612 verbis
1065 3551 1198 3624 ‘uligines
1225 3551 1380 3624 paludum’.

202 3635 365 3696 Adiectivis
395 3636 549 3707 quominus
580 3638 625 3697 bis
657 3640 687 3698 in
712 3638 911 3698 locutionibus
937 3636 1032 3698 mains
1058 3638 1173 3712 pondus
1200 3636 1379 3696 vindicemus

203 3738 289 3794 quam
312 3721 512 3794 substantivis,
534 3722 607 3781 nibil
629 3723 759 3799 impedit,
783 3724 861 3796 quod
883 3725 970 3796 vulgo
994 3723 1166 3783 attributivo
1188 3722 1379 3782 substantivis

202 3806 273 3866 addi
295 3805 398 3877 solent,
421 3824 485 3866 oum
508 3807 580 3867 satis
603 3826 690 3884 saepe
707 3810 807 3869 Latini
825 3827 883 3869 non
901 3810 932 3868 in
949 3808 1143 3880 substantivo,
1165 3807 1217 3867 sed
1235 3807 1264 3865 in
1282 3807 1379 3868 adiee-

202 3892 263 3951 tivo
291 3890 463 3952 attributivo
492 3893 631 3954 adiuncto
663 3896 803 3955 maiorem
834 3895 892 3954 vim
919 3901 1038 3970 ponant.
1082 3894 1261 3966 Quemquam
1288 3893 1379 3952 inter·

203 3979 271 4038 dnm
293 3989 345 4036 our
367 3977 543 4037 adieotivum
566 3997 625 4039 non
647 3981 820 4041 attributivo
842 3998 906 4040 oum
925 3979 1108 4040 substantivo
1127 3981 1313 4040 coniunctum
1331 3981 1378 4050 sit,

203 4079 320 4122 causam
341 4079 400 4122 non
423 4080 487 4123 esse
505 4063 662 4126 dilucidam
680 4066 744 4126 lieri
762 4084 820 4126 non
839 4070 945 4140 potest,
968 4067 1037 4137 quin
1050 4068 1257 4126 concedamus.
1291 4064 1378 4124 Eius·

604 4153 617 4181 Ι

272 4267 291 4326 1)
309 4267 369 4316 Aur.
390 4266 453 4315 Vict.
472 4265 542 4318 Caes.
563 4251 602 4332 16,
621 4269 747 4319 &irretita
767 4270 831 4318 belli.

272 4334 363 4401 univ.
381 4335 423 4399 33,
444 4335 474 4384 11
493 4335 555 4388 dura
572 4342 647 4400 atque
665 4352 752 4401 aspera
770 4338 834 4387 belli.
