3144 4862
690 349 899 413 ..54-

240 516 307 579 visa,
326 517 415 572 locum
432 516 601 585 superiorem
618 522 647 571 et
660 532 685 585 q.
699 533 719 572 s.
735 547 767 556 -
852 533 901 585 pos
915 515 1055 572 madentes
1068 523 1096 569 et
1111 516 1294 584 111,-11111111
1308 516 1379 570 diem

241 586 317 640 illum
341 585 412 639 diem
434 592 482 639 aut
505 599 597 638 omnes
615 585 723 639 labores
740 591 768 639 et
853 592 901 640 aut
928 585 1150 654 gloriosissimum
1170 585 1242 639 inter
1263 585 1379 640 maiores

243 653 372 709 victorius
386 653 767 709 confirmaturumautmaxu-
853 661 901 708 aut
927 653 1135 722 ignominiosum
1160 653 1234 722 apud
1255 660 1379 722 posteros

194 743 196 752 Α
242 738 347 776 marum
369 737 561 778 aerumnarum
577 722 683 777 initium
701 721 767 777 iore.
853 721 920 777 iore.
929 726 947 792 ¹)

391 841 429 881 or.
445 825 581 880 Caesaris.
1015 839 1053 880 or.
1067 823 1179 895 Lepidi.

211 910 371 972 (111518.
407 911 441 966 Si
463 909 562 980 digna
583 926 688 979 poena
708 926 768 981 pro
819 909 1007 973 1111111150.
1044 909 1087 973 Si,
1109 917 1203 979 patres
1225 910 1379 978 conscripti,

243 978 344 1033 iactis
366 993 478 1034 eorum
499 977 648 1049 reperitur,
670 995 769 1033 norum
855 995 939 1034 unum
955 978 984 1032 id
997 985 1161 1047 spectamus,
1179 995 1261 1047 quam
1274 978 1379 1034 nefaria

242 1048 383 1102 consilium
410 1047 544 1116 adprobo:
571 1049 621 1102 sin
647 1048 769 1117 magni·
854 1063 919 1102 voce
952 1047 1088 1103 Clutorius
1118 1048 1225 1102 Priscus
1260 1054 1378 1102 mentem

240 1114 319 1170 tudo
353 1117 491 1173 sceleris
518 1117 637 1170 omnium
661 1116 770 1184 ingenia
855 1131 932 1172 suam
949 1121 977 1170 et
994 1132 1075 1170 aures
1092 1116 1230 1170 hominum
1241 1116 1390 1186 polluerit·

241 1193 433 1254 exsuperat,
455 1186 494 1240 eis
517 1185 650 1240 utundum
671 1200 768 1240 censeo
853 1200 942 1254 neque
972 1200 1066 1239 carcer
1091 1200 1179 1254 neque
1205 1186 1319 1252 laqueus
1341 1200 1379 1239 ne

243 1269 313 1321 quae
330 1254 433 1323 legibus
452 1261 611 1322 comparata
628 1258 700 1310 aunt.
855 1254 998 1309 serviles
1042 1253 1171 1323 quidem
1209 1254 1379 1308 cruciatus

210 1323 289 1392 §13
324 1322 459 1390 Equidem
492 1338 541 1390 ego
573 1323 611 1376 sic
638 1321 769 1386 existimo,
854 1321 1069 1378 suffecerint:
1084 1321 1379 1391 sinllcgitieetla-

245 1396 337 1460 putres
351 1389 505 1459 conscripti,
524 1392 626 1446 omnis
640 1393 769 1445 crucia·
854 1391 1081 1458 einora²tsine
1098 1389 1189 1444 modo
1208 1399 1297 1453 sunt,
1316 1405 1379 1459 sup·

241 1470 295 1515 tus
326 1458 467 1513 minores
499 1473 593 1529 quam
619 1458 769 1514 facinore
854 1459 941 1528 pliciis
959 1475 992 1513 ac
1009 1459 1135 1514 remediis
1146 1458 1276 1528 principis
1289 1459 1380 1514 mode·

243 1528 463 1583 illorumcsse.
854 1528 923 1582 ratio
967 1528 1188 1596 maiorumque
1223 1543 1255 1582 uc
1289 1535 1380 1584 vestre

206 1596 222 1665 S
239 1599 264 1650 4.
298 1597 401 1664 Magna
422 1596 487 1650 mihi
509 1597 588 1666 copia
610 1603 652 1651 est
669 1613 768 1651 memo·
854 1596 978 1666 exempla
994 1603 1151 1664 temperant
1169 1601 1196 1650 et
1214 1612 1239 1663 q.
1255 1610 1276 1652 s.
1290 1627 1323 1636 —
1337 1604 1380 1651 est

240 1665 327 1727 randi,
344 1680 372 1733 p.
390 1680 421 1727 c.‚
441 1679 511 1733 quae
529 1681 608 1734 reges
625 1672 768 1787 1113110110-
853 1666 929 1720 locus
947 1666 1106 1727 sententiae,
1124 1681 1174 1734 per
1192 1681 1273 1734 quam
1291 1679 1379 1733 neque

240 1732 299 1802 puli
319 1735 370 1788 ire
394 1742 450 1788 aut
472 1734 646 1788 misericor
673 1734 703 1788 ie
720 1735 768 1788 im·
853 1734 915 1788 huic
938 1733 1066 1788 delictum
1089 1734 1198 1803 impune
1221 1735 1257 1788 sit
1279 1739 1307 1787 et
1328 1749 1379 1787 nos

240 1802 312 1871 pulsi
337 1803 408 1856 mele
436 1804 632 1857 consuluerint:
659 1801 708 1857 sed
735 1817 768 1856 ea
852 1802 1053 1857 clementiae
1072 1802 1312 1857 seseveritutis
1325 1817 1379 1856 non

242 1871 313 1924 malo
328 1869 425 1933 dicere,
444 1886 515 1938 quae
528 1872 668 1926 maiores
680 1872 768 1926 nostri
853 1871 1000 1942 paeniteat.

240 1945 336 1994 contre
357 1939 503 1994 lubidinem
525 1939 607 1994 animi
629 1939 672 1995 sui
692 1947 767 1994 recte

242 2015 324 2075 atque
343 2007 438 2062 ordine
456 2007 552 2063 fecere.

207 2076 265 2131 Cat.
283 2079 326 2139 51,
345 2079 446 2130 12-13
464 2091 503 2130 or.
523 2077 599 2132 Caes.
819 2093 880 2133 ann.
899 2077 946 2139 IV,
964 2079 998 2130 lo
1016 2092 1055 2131 or.
1074 2075 1181 2132 Tiberii.

206 2145 263 2200 cat
282 2147 323 2207 52,
342 2149 358 2200 7
376 2161 414 2200 or.
435 2144 554 2201 Catonis.
818 2161 879 2200 ann.
898 2143 971 2209 XIV,
988 2149 1021 2200 43
1040 2160 1078 2199 or.
1098 2145 1126 2199 O.
1145 2144 1237 2200 Cassii.

206 2214 416 2282 Saepenumero,
429 2222 524 2336 Eatres
532 2214 686 2283 conscripti,
700 2215 767 2268 mul·
819 2215 1032 2284 Saepenumero,
1055 2221 1148 2282 putres
1169 2214 1328 2283 conscripti,
1350 2214 1379 2267 in

241 2289 271 2338 tu
288 2284 371 2338 verba
387 2282 415 2336 in
449 2297 481 2336 oc
495 2282 590 2337 ordine
604 2281 668 2346 ieci;
686 2297 768 2351 saepe
852 2284 905 2338 hoc
930 2282 1024 2338 ordine
1050 2283 1174 2345 interlui,
1202 2298 1263 2338 cum
1284 2287 1380 2337 contra

243 2351 276 2406 de
298 2350 405 2406 luxuria
427 2357 510 2420 etque
533 2351 646 2406 avaritia
664 2359 767 2407 nostro·
853 2350 980 2407 instituta
1005 2357 1034 2406 et
1059 2352 1132 2420 leges
1155 2351 1286 2406 maiorum
1309 2366 1380 2406 nonu

240 2436 301 2473 rum
318 2420 415 2474 civium
433 2425 545 2489 questus
565 2434 631 2475 sum.
854 2427 965 2476 senatus
979 2420 1090 2475 decreta
1102 2420 1320 2489 postularentur:
1334 2435 1381 2475 ne-

209 2487 267 2543 Cat.
287 2491 328 2551 51,
345 2491 387 2542 42.
406 2519 438 2527 -
854 2504 906 2557 que
917 2504 976 2543 sum
986 2488 1154 2553 adversatus,
1169 2489 1381 2559 nonquiadubi·

207 2557 244 2625 lg.
259 2561 283 2618 4,
297 2559 321 2610 2.
350 2556 431 2610 Cuius
446 2556 479 2611 de
493 2555 600 2619 virtute,
615 2556 679 2626 quia
690 2557 770 2612 multi
855 2563 941 2611 tarem
959 2572 1040 2625 super
1057 2558 1180 2612 omnibus
1198 2559 1313 2627 negotiis
1327 2573 1381 2612 me-

242 2624 343 2687 dixere,
369 2624 599 2694 praetereundum
624 2633 701 2708 puto,
727 2628 769 2681 si·
855 2627 907 2680 lius
929 2633 1012 2706 atque
1033 2627 1135 2682 rectius
1159 2627 1222 2681 olim
1243 2627 1381 2696 provisum

241 2695 305 2748 mul
332 2708 371 2748 ne
393 2709 452 2762 per
474 2693 687 2750 insolentiam
709 2695 769 2763 quis
856 2694 904 2750 sed
922 2710 961 2749 nc
974 2695 1072 2750 nimio
1086 2709 1195 2750 umore
1209 2697 1314 2767 antiqui
1326 2712 1382 2751 mo-

243 2762 389 2816 existumet
402 2769 501 2817 memet
515 2763 769 2818 studiummeum
855 2764 892 2818 ris
919 2763 1066 2820 studium
1092 2780 1193 2820 meum
1219 2764 1381 2818 extollere

243 2831 381 2886 laudando
399 2831 572 2886 extollere.
855 2832 968 2887 viderer.

211 2899 248 2969 lg.
266 2903 308 2962 85,
330 2903 361 2954 17
379 2914 418 2953 or.
432 2899 519 2954 Marii.
538 2931 570 2941 -
587 2901 658 2957 Nam
675 2915 770 2970 gerere
822 2916 884 2955 ann.
902 2901 961 2963 XV,
980 2915 1002 2956 c.
1021 2904 1121 2956 20-21
1145 2916 1184 2955 or.
1201 2898 1279 2954 Paeti
1296 2899 1381 2954 Thra·

244 2984 326 3037 quam
348 2967 408 3022 lieri
429 2974 551 3037 tempore
572 2969 721 3038 posterius,
739 2985 770 3024 re
856 2985 927 3025 scae.
954 2969 1023 3024 Nam
1037 2969 1382 3037 culpaquampoenatem·

243 3043 325 3106 atque
338 3053 391 3092 usu
407 3037 492 3106 prius.
855 3052 923 3105 pore
945 3037 1033 3105 prior,
1055 3037 1193 3091 emendari
1216 3051 1298 3108 quam
1319 3051 1382 3108 pec·

856 3120 933 3161 casse
950 3104 1085 3174 posterius
1103 3111 1152 3160 est.

278 3283 297 3345 ¹)
315 3283 433 3333 Similiter
450 3295 506 3332 nnn.
525 3281 556 3342 11,
575 3282 608 3333 14
631 3296 695 3344 quse
716 3281 838 3345 supientia
857 3281 982 3346 provise
1000 3287 1107 3345 aptaque
1125 3281 1263 3332 imminenti
1281 3295 1381 3347 pugnae

208 3352 315 3402 disserit.
343 3351 397 3400 Non
416 3365 517 3414 campos
535 3351 610 3400 modo
628 3351 700 3400 militi
717 3351 828 3400 Romano
847 3351 925 3400 bonos
948 3359 972 3399 et
990 3367 1057 3414 111,,
1076 3351 1118 3399 ubi
1136 3349 1277 3413 Druegerus
1296 3351 1381 3400 lectio·

208 3435 264 3469 nem
283 3419 376 3469 codicis
394 3419 500 3469 Modicci
518 3417 647 3483 ‘praevisa'
666 3419 757 3470 frustm
774 3419 883 3471 retinuit.

278 3487 360 3553 1)11’1.
384 3489 442 3539 Scll.
466 3485 518 3539 Oct.
539 3487 582 3546 14,
601 3488 623 3536 1.
642 3488 666 3538 2.
685 3488 731 3546 23,
754 3487 777 3538 1.
796 3487 842 3547 37,
859 3487 883 3538 5.
902 3515 934 3523 -
952 3490 1011 3538 Tac.
1033 3501 1089 3538 ann.
1108 3488 1156 3548 Vl,
1174 3489 1198 3540 6.
1217 3515 1250 3526 -
1269 3490 1380 3540 Sallustii

209 3559 240 3608 ad
263 3557 406 3620 exemplum
428 3557 530 3605 'l'acitus
552 3557 629 3606 nectit
650 3558 713 3606 inter
735 3571 791 3606 sese
813 3557 861 3607 alia
884 3571 983 3619 quoque
1008 3555 1164 3606 substantiva
1187 3558 1213 3622 a)
1234 3572 1380 3622 synonyma.

209 3627 245 3690 lg.
263 3626 309 3686 54,
328 3625 344 3676 5
366 3639 415 3674 non
436 3624 568 3688 proeliis
590 3639 688 3688 neque
711 3627 777 3674 acle
795 3625 887 3674 bellum
905 3623 1053 3687 gerundum.
1090 3625 1127 3688 lg.
1144 3625 1190 3684 97,
1208 3625 1225 3675 4
1246 3641 1295 3676 non
1314 3627 1380 3675 acie

208 3711 288 3759 neque
306 3695 356 3744 ullo
375 3709 443 3742 more
461 3693 572 3757 proelii
590 3693 725 3745 incurrunt.
761 3693 819 3744 Tac.
839 3708 893 3744 ann.
914 3692 955 3752 111,
969 3691 1002 3744 39
1020 3707 1101 3756 neque
1119 3695 1214 3742 uelem
1233 3705 1275 3745 aut
1292 3710 1378 3760 proe-

210 3765 280 3812 linm
304 3764 351 3812 dici
372 3763 494 3821 decuerit,
517 3762 661 3824 inquo-
682 3763 740 3814 hist.
759 3762 807 3822 lV,
826 3762 859 3813 58
881 3763 1003 3812 adversus
1026 3777 1089 3825 quos
1107 3777 1156 3811 non
1178 3766 1329 3826 proelium
1352 3771 1380 3811 et

209 3833 293 3880 ucles
315 3837 439 3895 parentur.
476 3831 534 3882 Sall.
558 3831 609 3882 11111.
632 3831 678 3889 31,
702 3831 718 3882 3
741 3829 871 3881 Catilinam
896 3832 992 3880 hostem
1016 3840 1091 3894 atque
1110 3833 1260 3896 parricidam
1283 3846 1378 3882 vocare.

208 3901 266 3950 'l'ue
286 3901 344 3952 hist.
362 3899 386 3957 1,
404 3898 552 3950 35110stem
571 3906 595 3948 et
612 3900 760 3963 parricidam
778 3900 907 3949 Vitellium
926 3905 1049 3952 vocantes.
1076 3915 1132 3950 nnn.
1150 3899 1212 3958 XV,
1231 3903 1263 3952 73
1281 3901 1377 3949 lunium

209 3969 345 4020 Gallionem
367 3968 465 4018 hostem
489 3976 512 4018 et
534 3968 680 4032 qtnrricidmn
701 3983 800 4020 vocans.
823 3997 856 4006 -
879 3968 958 4032 ‘quies
981 3975 1004 4018 et
1026 3971 1112 4019 (11111111ι
1135 3969 1173 4032 lg.
1195 3970 1240 4028 116,
1262 3970 1285 4020 2.
1321 3969 1379 4019 lrist.

209 4037 227 4086 l.
246 4037 277 4086 41
295 4037 397 4102 14511).
416 4063 449 4073 -
467 4039 528 4100 Agr.
547 4037 572 4087 6.
589 4037 630 4087 21.
649 4037 689 4087 42.
704 4063 736 4072 -
751 4042 809 4102 ‘pax
823 4045 847 4086 ot
861 4038 1009 4088 concordiu'.
1036 4037 1297 4100 uestitumque.
1316 4037 1334 4088 1.
1345 4038 1378 4088 48

209 4105 272 4170 151),
295 4105 319 4156 5.
336 4105 373 4155 10.
390 4106 430 4157 13.
444 4133 477 4141 —
491 4108 549 4157 Toc.
564 4105 621 4156 hist.
636 4105 654 4164 1,
669 4105 708 4156 56.
732 4105 763 4165 11,
777 4107 817 4160 20.
832 4105 874 4164 111,
888 4107 929 4158 80.
940 4133 972 4142 -
986 4105 1017 4171 β)
1030 4105 1142 4156 diversum
1155 4108 1219 4156 inter·
1231 4121 1288 4158 sesa
1301 4108 1378 4171 signi·

211 4175 340 4225 llcutlonis.
360 4174 436 4222 ‘coelo
450 4175 572 4238 terraqne’
586 4174 624 4238 lg.
639 4175 679 4233 17,
693 4173 716 4226 5.
744 4173 811 4226 cur-t.
825 4175 850 4234 4,
864 4174 905 4235 29,
919 4177 936 4227 6
949 4175 1007 4226 Tne.
1021 4175 1079 4226 hist.
1094 4175 1112 4233 l,
1126 4177 1149 4226 3.
1169 4190 1225 4226 anu.
1240 4175 1283 4235 Vl,
1294 4177 1335 4227 37.
1345 4204 1377 4212 -

211 4245 263 4294 ‘diu
281 4243 422 4304 srootuque',
441 4243 508 4304 quod
527 4252 686 4306 sumpserunt
705 4259 719 4290 1
737 4245 871 4296 veteribus.
897 4245 933 4306 lg.
952 4243 993 4303 33,
1010 4244 1034 4295 3.
1061 4243 1103 4301 44,
1122 4243 1145 4294 5.
1174 4245 1252 4302 70,1.
1279 4244 1337 4296 hist.
1347 4245 1377 4294 11.

211 4314 322 4380 54163).
340 4339 372 4348 -
390 4311 448 4359 ’111,
472 4310 529 4362 lrist.
552 4312 586 4370 11,
605 4311 629 4364 5.
655 4311 787 4370 1111111111,
807 4311 846 4362 12.
866 4339 897 4349 —-
917 4311 1022 4360 ‘fortuna
1045 4313 1174 4374 tarneque'.
1206 4311 1258 4366 Cat.
1276 4313 1317 4374 51,
1338 4314 1376 4366 12.

212 4385 270 4434 Tuo.
292 4379 450 4438 11111.1,48.
481 4376 527 4436 111,
545 4379 586 4428 32.
613 4381 645 4440 V,
664 4381 704 4433 10.
735 4381 810 4428 ‘lame
832 4379 952 4443 fidesque'
974 4379 1011 4442 lg.
1030 4379 1070 4436 16,
1087 4381 1111 4429 3.
1138 4381 1197 4432 Tuo.
1219 4381 1276 4434 hist.
1295 4382 1318 4441 1,
1336 4383 1377 4434 30.
