3144 4862
655 346 868 411 ..57-

176 519 191 588 6
210 521 235 572 3.
261 516 348 585 Igitur
371 531 404 569 ex
426 515 571 594 impreviso
583 512 661 594 ‘fines
680 517 737 594 eius
824 513 918 593 stella,
942 527 1061 568 causas
1083 512 1172 566 bello
1191 541 1223 551 -
1242 517 1270 566 et
1288 528 1313 581 q.
1331 527 1353 567 s.

209 581 738 708 llt.lttl.l.tllt.lilliuil
823 597 852 634 ¹¹¹
869 597 891 635 ⁰·
906 582 947 635 ⁶⁵·

209 722 292 776 belli
318 735 453 774 causam
479 718 550 772 iore
577 725 605 772 et
627 718 738 786 quin
833 731 835 734 ’

210 808 232 844 c.
251 793 292 849 20,
311 792 419 842 3.-0,
438 789 479 847 25,
499 790 523 841 6.
886 833 891 843 ,

175 875 199 913 c.
218 860 295 918 25,·6
313 885 345 895 -—
363 862 440 909 metu
461 861 543 923 atque
561 855 682 909 lubidine
700 852 738 907 di·
790 870 813 910 c.
832 856 865 909 66
883 854 955 908 inter
968 860 1071 907 metum
1085 860 1112 906 66
1124 853 1194 907 iram
1208 858 1356 909 cunctatus

210 942 305 981 vorsus
332 924 500 994 agitabatur3
532 924 644 976 timebat
669 923 738 975 iram
825 923 921 977 maluit
943 923 1046 990 patrati
1064 938 1145 991 quarn
1160 922 1287 990 incepti
1304 923 1353 977 ia-

210 1000 330 1055 senatus,
344 993 372 1046 ni
385 993 523 1061 paruisset
536 991 640 1060 legatis,
674 1006 737 1044 orro
825 992 951 1046 cineris
968 1006 1031 1046 reus
1050 1006 1118 1045 esse.

210 1064 315 1116 animus
346 1061 471 1130 cupidine
498 1074 595 1114 caecus
621 1075 637 1112 a
688 1059 739 1113 in-

212 1136 342 1199 ceptum
360 1129 468 1185 scelus
486 1129 652 1196 rapiebatur.

262 1324 374 1392 Restat,
397 1327 429 1379 ut
448 1322 478 1379 in
497 1321 745 1394 comparationem
762 1336 897 1378 vocemus
916 1316 1075 1378 sententias
1094 1321 1206 1392 aliquot
1224 1326 1253 1379 et
1270 1321 1357 1379 locu-

176 1410 285 1480 tiones,
312 1425 386 1480 quae
412 1409 450 1465 ad
474 1407 569 1464 Taciti
596 1406 693 1465 studia
716 1406 894 1464 Sallustiana
919 1406 1055 1465 videntur
1078 1407 1260 1465 revocandae
1282 1423 1354 1465 esse.

1005 1569 1144 1638 Apricola.

177 1659 214 1726 Ig.
235 1661 274 1718 10,
294 1659 310 1710 8
329 1686 362 1694 -
380 1671 413 1709 ne
432 1671 481 1723 ego
500 1657 625 1710 meliores
638 1655 740 1710 liberos
791 1672 814 1710 c.
838 1659 854 1709 7
875 1654 971 1709 maluit
996 1655 1081 1710 videri
1107 1655 1242 1710 iuvenisse
1267 1656 1355 1712 bonos

212 1726 358 1792 sumpsisse
385 1723 477 1777 videar
502 1741 584 1793 quam
606 1726 739 1794 genuisse.
827 1739 908 1792 qnam
926 1723 1030 1778 iecisse.

178 1795 236 1848 Cat.
256 1795 298 1852 53,
318 1796 340 1844 1.
374 1793 441 1846 Cato
459 1793 549 1847 clarus
568 1801 650 1861 atque
668 1810 740 1862 mag·
792 1808 815 1846 c.
831 1795 870 1846 18.
889 1791 985 1846 Clarus
1000 1809 1031 1846 ac
1044 1807 1160 1860 magnus
1173 1791 1267 1846 haberi
1276 1793 1355 1862 Agri·

212 1878 263 1916 uus
286 1861 411 1914 habetur.
430 1891 463 1898 —
480 1862 519 1930 lg.
537 1865 583 1921 92,
603 1866 616 1914 1
634 1863 740 1916 Marius
827 1861 895 1915 cola.

216 1945 328 1996 magnus
348 1935 375 1981 et
393 1929 483 1984 clarus
501 1937 583 1983 antea
600 1932 686 1984 maior
701 1937 740 1984 at·

217 2014 269 2065 que
287 1998 385 2050 clarior
402 1997 497 2053 haberi
514 2000 611 2066 coepit.

180 2066 238 2120 Cat.
257 2068 302 2126 59,
323 2069 345 2118 1.
376 2065 446 2119 Dein
477 2069 589 2121 remotis
620 2067 740 2121 omnium
794 2068 876 2120 c.18.
912 2065 973 2132 Ipse
996 2070 1060 2118 ante
1079 2080 1187 2132 agmen,
1211 2081 1265 2134 quo
1283 2072 1358 2120 cete·

215 2134 304 2202 equis,
341 2150 393 2202 quo
424 2134 554 2188 militibus
586 2142 739 2202 exaequato
826 2135 864 2189 ris
877 2148 929 2202 par
939 2134 1043 2187 animus
1052 2133 1131 2189 simili
1141 2134 1263 2201 periculo
1272 2141 1355 2189 esset.

210 2203 351 2271 pericnloa
361 2202 449 2256 nimus
462 2203 577 2270 amplior
588 2211 668 2265 esset,
682 2204 739 2271 ipse

212 2270 297 2339 pedes
315 2271 464 2323 exercitum
481 2271 599 2344 instruit.

178 2341 215 2408 lg.
231 2341 272 2398 53,
287 2341 303 2391 3
321 2354 371 2392 sua
389 2339 503 2406 quisque
521 2338 604 2393 fortia
617 2339 692 2394 facta
705 2341 740 2394 ad
792 2354 814 2392 c.
833 2341 875 2392 27.
902 2339 993 2407 Atque
1011 2338 1056 2391 illi
1074 2337 1154 2391 modo
1172 2339 1245 2392 cauti
1264 2355 1295 2392 ac
1313 2355 1355 2394 sa-

214 2406 319 2460 caelum
337 2405 402 2459 fert:
422 2406 526 2474 Quippe
544 2424 587 2462 res
605 2408 740 2462 humanae
825 2407 933 2474 pientes
955 2406 1075 2474 prompti
1096 2413 1160 2474 post
1178 2413 1304 2460 eventum
1322 2423 1355 2461 ac

212 2477 252 2528 ita
266 2489 295 2528 se
307 2476 421 2529 babent:
439 2475 469 2528 in
481 2477 598 2530 victoria
610 2477 652 2530 vel
665 2477 740 2544 igna-
826 2475 992 2544 magniloqui
1000 2481 1086 2528 erant.
1105 2475 1278 2542 Iniquissima
1287 2474 1354 2529 haec

212 2545 251 2597 vis
261 2543 373 2610 gloriari
381 2543 453 2604 licet,
464 2543 594 2598 advorsae
604 2560 648 2599 res
659 2547 741 2599 etiarn
825 2544 960 2597 bellorum
990 2543 1111 2596 conditio
1137 2550 1191 2606 est;
1221 2559 1357 2613 prospera

213 2613 299 2666 bonos
319 2611 480 2665 detrectant.
828 2626 920 2665 omnes
939 2611 989 2665 sibi
1005 2612 1156 2674 vindicant,
1175 2611 1291 2666 aduersa
1308 2613 1355 2665 uni

825 2681 1005 2750 imputantur.

1006 2783 1145 2836 historiae.

180 2869 217 2936 Ig.
237 2871 278 2927 84,
298 2871 313 2920 1
332 2898 364 2907 -
383 2881 443 2921 sese
457 2867 629 2922 consulatum
643 2885 676 2922 ex
688 2869 739 2923 vic-
792 2867 813 2922 1.
832 2881 855 2919 0.
873 2866 889 2918 2
912 2865 1067 2921 sacerdotia
1093 2871 1122 2921 66
1144 2867 1302 2922 consulatus
1324 2873 1358 2921 nt

213 2936 248 2989 tis
266 2936 320 2990 illis
339 2936 428 3003 spolia
446 2936 558 3004 cepisse.
827 2934 915 3002 spolia
932 2933 1034 3005 adepti.

179 3003 249 3056 adde
263 3004 326 3058 bist.
340 3004 360 3057 Ι.
375 3007 407 3057 41
422 3006 482 3068 (45),
498 3009 521 3058 7.
538 3006 585 3058 III.
601 3007 633 3059 61
647 3008 707 3074 (62),
717 3008 740 3060 6.
1264 3069 1266 3072 .

179 3071 241 3125 hist.
265 3071 298 3124 fr.
317 3072 369 3125 inc.
388 3076 422 3126 94
439 3075 491 3140 (63)
513 3091 588 3129 more
605 3075 741 3129 humanae
793 3088 815 3127 c.
825 3073 858 3124 22
874 3071 1000 3139 cupidine
1008 3073 1108 3140 ingenii
1117 3072 1228 3127 humani
1238 3075 1357 3130 obscura

214 3139 349 3206 cupidinis
365 3141 461 3207 ignara
472 3141 588 3197 visundi.
827 3140 963 3194 credendi.
982 3171 1012 3179 -
1030 3141 1091 3196 hist.
1109 3141 1142 3203 V,
1163 3145 1193 3196 13
1213 3159 1287 3198 more
1305 3143 1355 3198 hu-

179 3207 217 3276 Ig.
237 3211 282 3268 93,
301 3210 316 3260 3
341 3223 416 3260 more
440 3210 541 3278 ingenii
563 3211 673 3264 humani
695 3228 741 3265 cu·
817 3225 924 3267 ,manae
942 3209 1084 3276 cupidinis.

214 3275 279 3343 pido
299 3274 420 3329 difficilia
436 3277 565 3332 faciundi.

180 3345 239 3398 Cat.
257 3347 281 3404 2,
300 3347 317 3397 4
333 3345 476 3413 imperium
489 3346 571 3401 facile
585 3347 623 3401 eis
637 3349 742 3403 artibus
793 3363 815 3402 c.
834 3348 868 3399 30
886 3360 965 3398 nemo
983 3345 1054 3399 enim
1071 3361 1200 3414 umquam
1212 3349 1354 3416 imperium

214 3413 356 3473 retinetur,
371 3414 469 3481 quibus
481 3415 560 3470 initio
572 3421 742 3484 pertumest.
827 3414 931 3482 flagitio
963 3414 1117 3481 quaesitum
1144 3414 1222 3471 bonis
1249 3416 1355 3472 artibus

793 3553 806 3606 I
828 3483 958 3536 exercuit.
976 3512 1008 3520 -
1027 3481 1097 3536 adde
1114 3482 1177 3538 hist.
1195 3485 1271 3541 183.
1290 3500 1353 3540 ann.

183 3615 241 3669 Cat.
260 3619 283 3677 5,
302 3619 318 3670 6
335 3633 424 3687 neque
441 3619 470 3673 id
483 3621 579 3688 quibus
593 3619 680 3676 modis
695 3620 742 3676 ad·
793 3636 816 3675 e.
834 3622 868 3674 46
886 3618 958 3672 1111111
975 3617 1127 3674 mercedem
1143 3621 1296 3675 centurioni
1309 3637 1355 3675 ex-

214 3691 388 3752 sequeretur,
407 3685 479 3740 dum
497 3690 547 3743 sibi
564 3705 678 3758 regnum
694 3705 742 3759 pa·
828 3688 954 3756 solveret,
964 3690 1053 3755 neque
1062 3687 1172 3742 modurn
1182 3691 1271 3744 oneris
1281 3691 1354 3759 quis·

213 3761 297 3814 reret,
330 3755 504 3824 quicquam
524 3760 619 3827 pensi
639 3759 741 3814 habe·
828 3771 910 3826 quarn
923 3773 1012 3829 neque
1026 3759 1355 3829 genusquaestuspensi

114 3867 117 3870 .
212 3823 277 3876 bat.
827 3825 983 3882 habebat.

180 3889 243 3944 bist.
262 3892 282 3944 l.
301 3889 334 3944 ir.
355 3893 387 3946 10
404 3893 457 3958 (11)
473 3891 616 3960 plurumae
634 3895 740 3956 turbae,
792 3893 855 3949 ibid.
873 3924 907 3932 -
925 3897 960 3950 ad
983 3891 1128 3950 ¹seditiones
1151 3898 1179 3948 et
1205 3892 1356 3950 discordias

213 3959 362 4014 seditiones
385 3966 412 4012 66
431 3960 466 4013 611
483 3965 651 4028 postremum
668 3964 741 4018 bella
828 3966 856 4016 66
877 3962 912 4016 ad
930 3970 1082 4020 extremum
1098 3962 1171 4017 bella
1188 3963 1277 4018 civilia
1294 3979 1355 4018 rue·

214 4029 302 4082 civilia
321 4034 382 4082 orta
400 4035 471 4082 sunt.
826 4032 901 4086 bant.

179 4095 218 4163 lg.
236 4098 277 4157 27,
298 4101 311 4150 l
329 4097 402 4151 idern
419 4096 459 4156 illi
475 4097 592 4152 ministri
609 4098 687 4166 regis.
707 4129 739 4139 —
792 4099 827 4154 II.
845 4117 868 4155 c.
886 4103 919 4154 33
936 4101 1010 4155 idem
1030 4100 1071 4154 illi
1089 4099 1231 4156 deterioris
1249 4099 1354 4156 consilii

213 4163 251 4232 lg.
269 4167 312 4285 35,
331 4168 347 4217 2
367 4165 400 4220 ab
419 4165 504 4220 isdem
521 4166 574 4220 illis
592 4168 663 4234 regis
681 4165 741 4221 fau·
827 4173 961 4224 auctores.

213 4233 326 4288 torius.

179 4299 241 4354 hist.
263 4301 309 4354 IV.
328 4304 360 4355 61
378 4303 443 4366 (19),
468 4305 507 4358 17.
530 4303 618 4357 socios
640 4303 741 4358 amicos
793 4321 814 4358 c.
835 4307 868 4359 74
885 4305 981 4373 procul
998 4305 1042 4360 uel
1058 4306 1136 4360 iuxta
1153 4305 1219 4362 sitas
1235 4305 1313 4360 uires.

213 4368 308 4436 procul
325 4371 403 4424 iuxta
421 4370 496 4425 sitos.
795 4373 864 4427 adde
882 4374 945 4428 hist.
963 4373 1001 4428 IV
1004 4413 1010 4435 ‚
1030 4375 1069 4428 12.
1097 4388 1159 4428 ann.
1178 4374 1212 4435 Π,
1230 4375 1271 4427 62.
