3144 4862
667 379 879 445 ,40-

183 551 334 623 Haasium,
358 553 407 624 qui
429 553 529 612 Latini
551 569 603 613 cur
621 559 650 613 et
668 553 867 614 accusativum
885 561 915 613 et
933 554 1062 614 dativum
1081 561 1110 614 et
1128 555 1363 628 praepositiones

183 639 276 697 isdem
298 638 395 698 verbis
417 639 594 712 addiderint,
617 656 734 700 causam
757 657 821 700 esse
842 641 1030 713 repetendam
1049 642 1162 700 censuit
1179 658 1238 700 nou
1256 658 1274 699 a
1291 660 1362 715 pro·

183 724 251 795 prio
273 724 318 783 vel
339 725 485 784 translato
506 726 663 784 verborum
685 743 785 797 sensu,
813 727 863 785 sed
886 743 904 784 a
925 726 1046 785 notione
1068 743 1187 786 casuum
1210 729 1362 799 praeposi·

182 809 338 882 tionisque.
382 809 518 869 Ceterum
541 827 659 871 causam
681 811 860 884 primariam,
882 828 934 870 our
956 812 1141 872 accusativus
1164 812 1260 871 verbis
1285 829 1362 872 oom-

181 895 287 967 positis
314 895 418 955 addita
444 895 494 966 sit,
522 895 648 969 positam
676 914 740 957 esse
761 897 792 956 in
814 897 1043 970 praepositionis
1065 898 1197 970 siquae
1220 897 1308 956 etiam
1331 898 1362 956 in

181 981 271 1040 verbo
293 982 456 1054 composito
478 981 576 1042 valida
598 987 670 1054 emt,
692 984 786 1042 elucet
808 998 873 1041 cum
896 999 931 1042 ex
953 983 1109 1041 verborum
1132 982 1361 1054 compositorum

182 1069 330 1126 structura
356 1067 524 1138 transitiva,
552 1068 577 1126 si
601 1085 687 1127 seusu
709 1069 830 1142 proprio
853 1069 884 1127 id
906 1074 951 1128 est
973 1067 1060 1127 locali
1083 1069 1277 1140 collocantur,
1299 1075 1360 1126 tum

181 1169 216 1210 ex
243 1157 392 1211 structura
419 1167 520 1213 eorum
547 1153 788 1226 compositorum,
816 1170 939 1227 quorum
967 1154 1057 1213 verba
1086 1152 1230 1226 simplicia
1253 1154 1361 1213 habent

183 1254 298 1297 sensum
321 1239 508 1297 transitivum
530 1239 609 1298 velut
630 1239 725 1300 Pleut.
748 1245 832 1300 most
855 1239 917 1299 843
941 1240 996 1299 ebo
1019 1239 1107 1298 istum
1129 1255 1220 1311 pncre
1239 1239 1361 1298 circum-

180 1324 253 1382 duce
276 1324 363 1382 hasce
385 1324 466 1385 aedis
489 1330 519 1384 et
541 1325 699 1385 conclavia.
735 1324 815 1386 Caes.
839 1325 867 1384 b.
889 1341 914 1384 c.
938 1326 966 1395 3,
989 1327 1037 1396 61,
1062 1326 1078 1382 1
1103 1325 1188 1396 alqm.
1210 1324 1360 1398 praesidia

180 1409 406 1469 circumducere.
430 1443 469 1452 -
492 1409 518 1467 A
542 1427 628 1470 sensu
651 1411 807 1470 verborum
830 1410 917 1470 locali
942 1426 1006 1469 cum
1029 1409 1179 1484 profectus
1198 1416 1277 1469 esset
1296 1427 1360 1469 sen·

179 1511 229 1552 sus
252 1495 425 1565 translatus,
452 1513 510 1555 non
533 1496 755 1570 compositionis
778 1514 892 1568 eorum,
921 1497 971 1556 sed
994 1501 1108 1555 tautum
1131 1495 1260 1554 notionis
1282 1497 1359 1554 ratio

178 1580 282 1638 habita
309 1584 361 1639 est.
406 1580 487 1652 Quae
509 1581 591 1640 notio
615 1599 678 1641 oum
702 1587 779 1641 osset
801 1582 959 1642 transitiva
968 1581 996 1656 1),
1023 1582 1143 1640 verbum
1165 1581 1357 1652 compositum

180 1681 301 1736 prorsus
328 1682 382 1738 pro
404 1667 561 1727 transitivo
584 1668 780 1727 adhibebatur
801 1668 845 1727 ita
866 1671 900 1727 ut
922 1666 1107 1726 accusativus
1135 1665 1162 1724 ei
1184 1666 1358 1738 adiungere-

178 1757 227 1808 tur
249 1768 303 1824 pro
326 1767 395 1810 casu
420 1752 576 1814 obiectivo.
613 1753 713 1825 Neque
735 1753 760 1812 si
778 1755 851 1812 baec
869 1754 960 1813 verba
978 1769 1064 1813 seusu
1083 1751 1170 1811 locali
1188 1767 1252 1810 cum
1270 1769 1357 1810 accu-

179 1837 273 1896 sativo
296 1836 562 1911 coniungebantur,
588 1839 689 1898 Latini
715 1844 819 1911 postea
842 1838 900 1897 sibi
922 1838 1033 1899 conscii
1056 1841 1141 1897 erant
1162 1837 1238 1895 hanc
1260 1842 1357 1898 struc-

177 1927 274 1981 turam
300 1921 482 1984 referendam
509 1941 574 1985 esse
600 1925 638 1983 ad
665 1923 894 1997 praepositionis
920 1923 991 1996 vim,
1018 1925 1069 1984 sed
1092 1940 1157 1982 cnm
1179 1927 1356 1982 structuram

178 2025 278 2067 corum
305 2009 472 2081 acciperent
493 2027 547 2084 pro
570 2010 738 2081 transitiva,
765 2010 854 2070 etiam
876 2010 1025 2083 passivum
1047 2008 1243 2082 personaliter
1265 2007 1356 2081 finge-

177 2094 258 2152 bant.
303 2094 383 2166 Quae
409 2111 474 2154 cum
501 2095 544 2154 ita
571 2095 642 2168 sint,
669 2100 835 2156 structurae
860 2097 1016 2156 verborum
1040 2094 1269 2168 compositorum
1293 2111 1356 2153 cum

178 2179 346 2239 accusativo
369 2180 468 2240 dativo
491 2180 759 2254 praepositionibus
783 2182 928 2254 quomodo
956 2182 1033 2241 inter
1060 2177 1259 2250 sedifferunt,
1282 2180 1357 2239 dilu-

178 2265 274 2323 cidum
302 2270 355 2325 est.
399 2266 554 2326 Structura
580 2266 737 2326 transitiva
764 2265 986 2339 significabatur
1009 2268 1085 2326 inter
1107 2265 1252 2324 actionem
1274 2266 1357 2324 verbi

178 2349 354 2428 (motionem)
376 2351 586 2426 obiectumque,
609 2353 647 2412 ad
671 2353 749 2424 quod
767 2352 846 2412 actio
863 2351 975 2429 (motio)
992 2351 1162 2427 pertineret,
1183 2351 1275 2409 multo
1295 2367 1358 2410 esse

180 2437 273 2495 artius
296 2436 450 2508 vinculum,
474 2453 559 2509 quam
583 2437 608 2497 si
632 2437 748 2497 dativus
771 2439 816 2497 vel
838 2438 1019 2511 praepositio
1042 2454 1078 2496 en
1099 2438 1189 2497 verbo
1208 2436 1358 2508 penderet,

178 2521 314 2593 quoniam
351 2523 535 2582 accusativus
571 2528 635 2583 erat
666 2540 750 2583 casus
783 2523 953 2582 obiectivus.
1000 2523 1126 2582 Dativus
1159 2526 1255 2580 autem
1286 2522 1359 2580 nibil

177 2607 257 2667 aliud
276 2606 459 2680 significabat
478 2608 535 2668 uisi
553 2608 875 2682 appropinquationem,
896 2609 1132 2681 praepositiones
1148 2613 1245 2666 autem
1264 2607 1358 2666 direc-

177 2693 296 2752 tionem.
341 2694 469 2752 ‘Aduare
499 2695 597 2753 naves'
628 2694 705 2753 idem
728 2700 774 2753 est
795 2711 830 2753 ac
852 2711 941 2754 naves
964 2695 1062 2754 nando
1084 2692 1217 2764 assequi,
1240 2694 1359 2752 ‘adnare

176 2778 310 2836 navibus’
341 2779 465 2838 navibus
491 2781 589 2841 nando
615 2780 853 2853 appropinquare
880 2781 925 2839 vel
953 2797 1003 2840 eas
1029 2783 1141 2854 petere,
1173 2779 1292 2838 ‘adnare
1320 2779 1358 2836 ad

177 2865 275 2922 naves’
297 2864 335 2923 ad
356 2880 445 2924 naves
467 2880 569 2924 versus
592 2881 671 2926 nara
694 2898 734 2908 —

260 2949 308 3008 Ex
328 2948 425 3009 verbis
448 2949 617 3022 compositis
635 2950 819 3010 accusativus
836 2951 924 3022 vulgo
941 2950 1056 3010 accedit
1073 2951 1112 3010 ad
1129 2966 1172 3021 ea,
1195 2965 1270 3021 quae
1288 2965 1352 3008 cum

177 3034 445 3107 praepositionibus
467 3034 906 3108 circum-per-praetcr-trans
929 3035 1091 3108 composita
1108 3040 1185 3096 suut.
1204 3071 1245 3082 -
1264 3036 1351 3108 Apud

176 3126 289 3178 veteres
319 3120 480 3192 reperimus
507 3121 584 3193 alqd.
611 3120 765 3180 circumire
791 3121 1037 3180 circumvectitari
1062 3120 1165 3197 (Plaut.
1194 3121 1259 3180 rud.
1282 3121 1355 3194 933)

176 3206 405 3290 circumcursare
433 3205 537 3282 (Plant.
565 3206 629 3265 rud.
659 3204 730 3282 233)
760 3205 963 3268 circumfluere
994 3205 1226 3266 circummoeniti
1257 3223 1355 3265 sumus

175 3291 278 3364 (Plaut
302 3297 377 3364 capt.
401 3289 484 3365 254),
511 3293 590 3366 apud
619 3308 727 3352 aureae
754 3293 860 3353 aetatis
883 3293 1043 3367 scriptores
1066 3293 1276 3351 circumvenire
1298 3292 1352 3350 cir·

177 3377 286 3437 cumire
317 3377 528 3438 circumsedere
558 3376 749 3437 circumstare
780 3379 997 3458 circumsistere
1025 3377 1242 3437 circumsonare
1268 3378 1355 3449 alqd.,

176 3460 369 3522 circumfundi
400 3461 501 3540 (Caes.)
532 3462 711 3542 circumflari
741 3463 810 3542 (Oia
837 3464 920 3524 Verr.
943 3466 975 3536 2,
1004 3461 1062 3538 98).
1106 3463 1204 3535 Nepos
1231 3468 1355 3535 usurpat

176 3547 287 3620 primus
306 3547 481 3609 circumvehi
500 3548 586 3621 alqd.,
605 3548 761 3608 Sallustius
781 3550 988 3611 circumsidere
1006 3550 1083 3621 alqd.
1100 3547 1153 3625 (Ig.
1173 3550 1222 3619 21,
1242 3550 1269 3608 3.
1291 3549 1355 3607 Liv.

177 3633 226 3704 23,
249 3636 298 3706 30,
321 3636 340 3694 6
363 3632 412 3710 al.)
433 3639 463 3693 et
485 3633 678 3707 circumgredi
701 3636 778 3708 alqd.
800 3635 878 3710 (bist.
901 3634 951 3696 IV.
970 3637 1008 3696 61
1028 3632 1097 3712 [19],
1116 3632 1173 3708 21),
1193 3635 1272 3706 quod
1291 3650 1355 3692 ver·

175 3719 243 3776 bum
267 3736 326 3778 uua
348 3736 413 3780 cum
435 3719 497 3780 eius
520 3723 669 3778 structura
690 3720 846 3780 transitiva
869 3720 1032 3793 posteriore
1052 3725 1185 3792 tempore
1206 3719 1356 3779 revocavit

175 3803 295 3863 Tacitus
321 3805 396 3879 (ann.
420 3805 443 3877 Ι,
467 3807 516 3866 64.
545 3804 582 3876 11,
607 3807 656 3864 17.
678 3807 728 3865 25.
755 3805 805 3878 IV,
829 3806 879 3866 73.
906 3804 975 3877 ΧΠ,
999 3804 1049 3882 23)
1070 3805 1177 3865 secutis
1200 3805 1355 3864 Ammiano

174 3888 234 3962 (16,
258 3892 306 3960 12,
325 3890 376 3966 59)
397 3896 426 3950 et
449 3890 570 3950 Aurelio
590 3889 708 3949 Victore
722 3889 815 3964 (Caes.
835 3893 873 3950 21
894 3889 932 3966 5),
954 3891 1086 3951 Sallustii
1104 3889 1257 3962 Tacitique
1274 3905 1355 3948 ama·

174 3974 299 4033 toribus.
334 3977 421 4048 Apud
436 3975 597 4048 Vergilium
615 3975 740 4048 primum
758 3976 881 4050 legimus
899 3976 1133 4037 circumvolitare
1146 3977 1223 4049 alqd.
1237 3975 1354 4051 (Georg.

175 4057 198 4128 Ι,
217 4059 296 4134 377),
318 4062 397 4133 apud
415 4061 570 4120 Horatium
593 4060 804 4121 circumvolare
826 4078 956 4134 -gernere
978 4063 1107 4134 -uugire
1125 4067 1254 4132 -tonare,
1276 4061 1355 4134 apud

175 4204 376 4214 ——u—

245 4280 265 4342 ι)
282 4280 363 4330 Etiam
389 4282 519 4331 verborum
547 4297 604 4331 cnm
632 4282 814 4346 praepositione
842 4285 892 4332 ‘ex'
915 4283 1108 4346 compositorum
1132 4296 1187 4332 curu
1211 4282 1354 4332 accursutivo

175 4357 314 4399 structurae
332 4364 409 4399 causa
427 4351 509 4413 positu
527 4359 565 4400 cst
583 4352 607 4400 in
627 4351 727 4400 notione
745 4352 888 4414 superandi,
908 4367 983 4415 quum
1001 4351 1063 4400 bace
1082 4352 1155 4401 verba
1174 4351 1355 4414 compositione

176 4420 308 4484 accipiunt.
327 4447 359 4458 —
