3144 4862
685 333 897 396 ...46..

207 505 306 567 butivc
327 507 415 566 etiam
438 523 503 564 cum
525 506 692 565 nominibus
715 506 900 565 coniunctum
923 503 1027 580 44441)
1069 505 1144 577 Quin
1168 506 1207 564 ‘id
1229 507 1285 564 hoc
1308 506 1383 565 idem

208 594 285 654 istuc
306 593 422 652 aetatis’
445 593 504 651 sint
526 593 687 651 accusativi
708 592 897 663 temporales,
924 592 974 651 vix
997 591 1208 662 dubitabimus,
1236 591 1261 650 si
1284 590 1384 650 confe-

207 695 304 738 remus
324 679 419 738 Plaut.
442 695 528 738 merc.
552 681 580 749 2,
603 681 631 749 2,
656 680 695 737 19
724 677 794 750 qnid
816 693 870 748 ego
893 677 950 736 tibi
971 677 1078 736 aetatis
1100 678 1209 737 videor.
1252 677 1332 736 Pers.
1357 680 1384 747 2,

207 765 235 835 4,
259 766 277 823 5
302 764 363 822 scio
386 779 441 835 ego
469 764 540 835 quid
567 764 621 822 sim
645 764 760 822 4414114.
795 763 855 822 411.
878 763 907 834 3,
930 763 958 834 1,
981 764 1020 822 65
1044 762 1114 820 illuc
1135 763 1242 821 4414114
1265 763 1315 835 qui
1337 763 1384 820 sit.

207 850 266 908 Oic.
290 851 326 908 de
347 849 405 908 inv.
425 853 453 922 2,
472 850 514 908 30
532 850 572 908 92
595 866 660 907 444
682 849 714 908 id
735 849 843 907 aetatis
865 864 966 907 essem.
1002 849 1088 919 Apul
1110 853 1176 907 met.
1197 851 1244 919 10,
1263 849 1282 906 8
1306 849 1384 920 quod

208 936 316 994 aetatis
338 952 411 994 sum.
435 967 473 976 —
498 935 555 994 Sed
578 935 757 993 accedebant
777 934 866 994 etiam
888 936 927 993 ad
948 951 984 992 ea
1004 935 1103 1005 verba,
1126 934 1233 1005 quibus
1255 951 1313 992 non
1336 951 1384 991 ac·

208 1022 371 1080 cusativum
393 1021 543 1091 temporis,
566 1021 617 1078 sed
638 1020 799 1080 ablativum
821 1026 956 1091 expectes
978 1019 1107 1092 adiungi,
1137 1019 1206 1091 qnia
1224 1036 1318 1078 sermo
1341 1026 1386 1078 est

205 1124 262 1166 non
288 1109 324 1166 de
346 1106 451 1178 spatio,
474 1107 526 1165 sed
549 1107 586 1164 de
606 1111 716 1176 puncto
738 1107 888 1178 temporis,
911 1107 989 1177 quod
1012 1106 1129 1177 quidem
1147 1104 1227 1164 cadit
1244 1105 1336 1176 magis
1354 1105 1385 1162 in

206 1193 369 1251 locutiones
392 1190 500 1250 similes
523 1192 563 1250 ‘id
581 1190 729 1262 temporis’
748 1191 953 1250 ί4444441144
976 1189 1316 1264 014441144441444.
1336 1191 1385 1263 34,

206 1281 246 1338 97
270 1283 303 1336 41
330 1277 361 1336 id
387 1277 528 1350 temporis
555 1276 678 1335 Romam
705 1275 948 1350 proficisceretur.
993 1275 1056 1334 041.
1081 1277 1167 1347 1,4,
1192 1279 1240 1335 10.
1276 1278 1313 1335 de
1338 1273 1385 1335 lin.
1495 1277 1500 1286 '

206 1365 239 1435 5,
263 1365 337 1420 1.1.
376 1366 452 1420 4441.
474 1363 541 1420 boll.
562 1363 637 1434 hisp.
661 1365 693 1433 3,
718 1367 744 1422 7.
771 1361 840 1422 Tac.
868 1380 934 1421 ann.
956 1361 1029 1433 XH,
1053 1362 1073 1419 8
1096 1361 1132 1420 al.
1156 1394 1195 1404 —
1218 1361 1272 1420 His
1296 1362 1386 1433 igitur

208 1448 279 1507 locis
307 1447 549 1519 significationem
575 1449 736 1508 accusativi
758 1448 949 1521 principalem
971 1463 1092 1519 prorsus
1116 1448 1301 1506 obscuratam
1323 1463 1386 1506 esse

207 1534 352 1605 videmus;
375 1535 415 1592 ‘id
437 1533 586 1618 temporis’
609 1539 638 1592 et
660 1535 723 1594 ‘hoo
745 1534 849 1592 noctis'
871 1534 1006 1593 abierant
1027 1532 1058 1590 in
1081 1531 1228 1592 notionem
1251 1534 1386 1592 adverbi-

210 1637 301 1678 orum.
325 1653 364 1664 -
389 1619 473 1692 Quod
495 1621 521 1678 si
541 1619 573 1679 id
595 1620 651 1678 hoc
673 1620 751 1679 idem
773 1619 879 1679 aetatis
902 1617 1069 1682 nominibus
1092 1619 1251 1689 adduntur,
1273 1624 1384 1691 tempo-

209 1705 281 1764 ralis
304 1705 465 1763 accusativi
486 1705 530 1764 vis
554 1705 626 1764 satis
648 1705 804 1765 manifesta
826 1711 882 1776 est;
905 1702 1092 1781 participium
1110 1703 1187 1762 4414
1204 1703 1288 1763 verbi
1305 1706 1387 1764 ‘esse'

206 1790 290 1863 quasi
312 1790 549 1851 subaudiebatur.
571 1823 612 1835 —
1354 1829 1358 1838 =

291 1877 347 1936 Sed
369 1875 587 1936 id·hoc·omne
610 1892 701 1948 genus
724 1875 890 1950 Draegerus
913 1882 943 1935 41
959 1877 1081 1936 Poteras
1104 1893 1162 1934 non
1184 1880 1263 1934 recte
1284 1875 1385 1934 viden·

205 1968 255 2020 tur
277 1961 472 2036 appositionis
495 1963 560 2021 loco
583 1962 749 2021 nominibus
768 1963 838 2022 addi
857 1979 982 2034 censore,
1005 1978 1098 2034 neque
1115 1958 1285 2034 Kttbnerol)
1307 1961 1385 2020 eius·

207 2047 287 2106 modi
317 2047 500 2108 accusativos
528 2047 707 2106 Graecorum
738 2065 819 2107 more
846 2048 996 2108 adhibitos
1023 2065 1088 2107 4444
1116 2049 1213 2107 credo.
1255 2046 1384 2105 Primum

207 2133 284 2191 enim
307 2133 426 2191 obstare
447 2132 573 2205 videtur,
596 2134 674 2205 quod
692 2150 750 2192 non
768 2133 955 2192 inveniuntur
974 2133 1032 2192 nisi
1049 2134 1129 2205 apud
1148 2149 1198 2192 eos
1218 2131 1385 2204 scriptores,

208 2235 331 2291 quorum
360 2217 456 2276 oratio
480 2218 606 2277 sermoni
629 2219 751 2291 propior
773 2224 818 2277 441
839 2219 967 2291 vulgari,
994 2219 1130 2278 inlibris
1153 2217 1274 2277 Catonis
1296 2220 1332 2277 de
1353 2235 1385 2276 re

208 2304 327 2375 rustica,
350 2304 380 2361 in
400 2303 499 2362 satiris
518 2304 627 2363 Lucilii
644 2303 786 2363 Varronis
804 2304 922 2364 Horatii
939 2305 1081 2376 Petronii,
1102 2306 1134 2363 in
1152 2303 1285 2375 epistulis
1303 2303 1384 2362 (lice-

207 2389 298 2449 ronis.
333 2389 434 2461 Neque
456 2389 617 2449 accusativi
635 2391 815 2450 Graecorum
839 2391 889 2461 qui
909 2396 1032 2449 vocatur
1053 2389 1210 2463 respectivi
1228 2390 1309 2448 notio
1327 2407 1385 2449 non

206 2491 311 2546 inagno
344 2492 432 2547 opere
462 2475 560 2533 aliena
591 2482 636 2535 est
662 2493 681 2534 4
708 2473 921 2546 significatione
951 2476 1110 2535 accusativi
1137 2476 1168 2534 id
1195 2490 1298 2546 genus,
1329 2475 1385 2533 hoc

205 2578 309 2633 genus,
339 2577 423 2619 omno
450 2577 554 2633 genus:
582 2563 669 2621 immo
697 2562 912 2621 substantivum
938 2561 1046 2633 ‘genus'
1071 2563 1102 2620 in
1125 2561 1291 2619 accusativo
1315 2577 1384 2619 casu

204 2646 312 2704 lixum
337 2663 400 2706 esse
423 2647 566 2718 arbitror,
593 2648 672 2707 unde
693 2646 803 2706 factum
825 2652 884 2717 441,
906 2653 939 2705 41
952 2647 1126 2717 ¹nominibus
1149 2647 1309 2706 adderetur
1329 2662 1383 2718 pro

205 2731 352 2803 genetivo,
384 2750 443 2792 non
474 2732 669 2806 appositionis
699 2735 774 2792 loco.
817 2733 892 2791 Nam
922 2735 1033 2805 ‘genus'
1058 2733 1242 2792 accusativus
1269 2732 1384 2791 videtur

205 2835 268 2876 esse
296 2818 385 2876 etiam
413 2818 443 2876 in
471 2819 620 2878 locutione
647 2820 736 2890 ‘quod
762 2833 852 2890 genus
880 2819 933 2877 est’
960 2819 1006 2878 441
1027 2821 1115 2890 ‘quod
1137 2819 1237 2889 genus’
1258 2834 1313 2891 pro
1335 2818 1385 2874 ‘ut'

205 2903 300 2973 ,velut’
318 2904 428 2974 passim
442 2904 553 2976 posita:
576 2904 669 2963 Lucil.
686 2905 735 2964 lib.
755 2904 810 2962 HI.
830 2906 880 2964 29.
915 2904 998 2962 Varr.
1019 2905 1047 2963 d.
1065 2920 1088 2964 r.
1106 2920 1130 2963 r.
1150 2907 1177 2974 2,
1198 2905 1246 2963 10.
1275 2901 1385 2961 cornil.

209 2992 237 3059 2,
261 2990 310 3061 30,
332 2988 373 3047 48
397 2989 475 3060 quod
497 3004 589 3060 genus
607 2991 635 3048 ei
653 2995 728 3060 sunt,
746 3006 765 3046 a
784 2989 966 3060 quibus...
1002 2989 1030 3060 4,
1052 2990 1102 3060 49,
1122 2991 1162 3048 62
1179 2989 1267 3047 unius
1286 2988 1384 3047 cuius·

208 3090 264 3146 qne
294 3075 409 3145 generis
441 3073 557 3146 singula
588 3075 812 3133 subiecissemus
843 3076 987 3146 exemplat
1024 3074 1081 3133 nisi
1112 3075 1275 3146 exemplum
1305 3074 1384 3146 quod

203 3175 293 3230 genus
309 3163 395 3230 esset,
414 3160 444 3217 in
462 3159 641 3234 expolitione
660 3162 947 3220 demonstrassemus.
962 3193 1001 3202 -
1019 3159 1198 3219 01444144.
1215 3162 1243 3230 2,
1257 3161 1307 3230 52,
1322 3161 1381 3218 157

206 3249 252 3313 441ι
269 3245 415 3317 quiddam,
438 3248 516 3315 quod
539 3263 593 3304 sua
614 3246 644 3305 vi
662 3263 715 3305 nos
733 3245 854 3305 adliciat
870 3247 909 3305 ad
932 3263 995 3306 sese
1017 3263 1076 3304 non
1098 3245 1291 3304 emolumento
1315 3261 1383 3316 cap·

204 3335 270 3389 tans
288 3330 397 3402 aliquo,
421 3331 471 3390 sed
493 3331 612 3390 trahens
632 3348 685 3390 sua
704 3330 856 3403 dignitate,
879 3334 956 3404 quod
975 3347 1066 3403 genus
1084 3335 1130 3389 441
1147 3329 1242 3389 virtus
1261 3330 1383 3389 scientia

204 3417 314 3474 veritas
337 3421 367 3474 et
386 3432 412 3488 q.
431 3433 452 3473 4.
489 3415 543 3475 Η14
565 3417 638 3476 14414
661 3418 771 3488 ‘genus'
789 3417 986 3476 nominativus
1002 3416 1053 3475 vix
1070 3433 1135 3475 4444
1152 3420 1259 3488 441441,
1282 3432 1382 3488 quam-

205 3517 291 3573 quam
318 3501 491 3572 quomodo
518 3502 716 3562 accusativum
745 3501 894 3573 definiam,
925 3504 1058 3574 despero.
1101 3501 1236 3560 Ceterum
1263 3501 1302 3559 ab
1328 3518 1383 3560 usu

204 3586 364 3646 accusativi
390 3588 500 3658 ‘genus'
527 3604 585 3646 non
608 3588 755 3647 diversum
777 3592 823 3645 441
844 3589 957 3657 ‘secus',
986 3588 1064 3659 quod
1086 3603 1228 3658 nusquam
1252 3587 1383 3646 nomina·

205 3672 297 3748 tivum
319 3672 492 3744 putaverim,
514 3672 546 3731 id
568 3673 646 3744 quod
668 3672 833 3744 Draegerus
857 3673 961 3730 statuit
983 3673 1021 3730 ad
1044 3687 1110 3731 ann.
1132 3671 1184 3743 IV,
1206 3675 1259 3731 62:
1281 3689 1383 3749 „secus

206 3761 279 3817 statt
301 3774 386 3816 sexus
408 3774 464 3815 444
486 3757 525 3816 14
547 3758 716 3817 1144144114
738 3758 798 3815 und
820 3755 986 3816 Aklrnsativ
1008 3757 1241 3829 gebruuohlioh.“

207 3891 409 3906 *Ἤ

276 3957 295 4020 ¹)
313 3959 432 4010 Similiter
445 3959 474 4009 H.
490 3962 561 4010 Peter
575 3957 694 4022 (Anmlrg.
709 3975 731 4008 z.
746 3959 828 4008 114444
841 3959 938 4009 Vorlcs.
953 3975 976 4022 p.
987 3957 1041 4020 6611
1060 3960 1156 4018 „Sollte
1170 3958 1239 4008 nicbt
1253 3959 1384 4010 4114844144

204 4041 233 4076 so
251 4026 315 4085 scin,
334 4028 393 4078 dass
412 4028 439 4077 id
457 4029 544 4079 aetatis
563 4027 740 4092 urspringlicb
759 4026 910 4077 adverbielle
923 4025 1099 4092 bestimmung
1119 4043 1177 4078 zum
1190 4028 1249 4080 Scin
1262 4043 1322 4086 4444,
1340 4028 1384 4077 da·

204 4108 286 4158 gegen
304 4096 331 4145 id
348 4109 428 4158 genus
447 4096 569 4147 4141444144
586 4097 734 4161 4444411144
753 4110 809 4145 zum
828 4093 949 4146 Nomen.“

274 4163 464 4230 44444

692 4317 895 4328 ——n———n-
