<?xml version="1.0" encoding="UTF-8"?>
<!DOCTYPE html PUBLIC "-//W3C//DTD XHTML 1.0 Transitional//EN"
    "http://www.w3.org/TR/xhtml1/DTD/xhtml1-transitional.dtd">
<html xmlns="http://www.w3.org/1999/xhtml" xml:lang="en" lang="en">
 <head>
  <title>
</title>
<meta http-equiv="Content-Type" content="text/html;charset=utf-8" />
  <meta name='ocr-system' content='tesseract 3.04.00' />
  <meta name='ocr-capabilities' content='ocr_page ocr_carea ocr_par ocr_line ocrx_word'/>
</head>
<body>
  <div class='ocr_page' id='page_1' title='image "./detacitistudiis00schogoog_0052.png"; bbox 0 0 3144 4862; ppageno 0'>
   <div class='ocr_carea' id='block_1_1' title="bbox 659 336 867 400">
    <p class='ocr_par' dir='ltr' id='par_1_1' title="bbox 659 336 867 400">
     <span class='ocr_line' id='line_1_1' title="bbox 659 336 867 400; baseline 0.019 -22"><span class='ocrx_word' id='word_1_1' title='bbox 659 336 867 400; x_wconf 68' lang='grc'><strong>,47-</strong></span> 
     </span>
    </p>
   </div>
   <div class='ocr_carea' id='block_1_2' title="bbox 175 500 1359 1863">
    <p class='ocr_par' dir='ltr' id='par_1_2' title="bbox 175 500 1359 1863">
     <span class='ocr_line' id='line_1_2' title="bbox 260 500 1353 580; baseline 0.001 -14"><span class='ocrx_word' id='word_1_2' title='bbox 260 507 397 578; x_wconf 80' lang='lat' dir='ltr'><strong>Sequitur</strong></span> <span class='ocrx_word' id='word_1_3' title='bbox 424 511 457 564; x_wconf 90' lang='lat' dir='ltr'><strong>ut</strong></span> <span class='ocrx_word' id='word_1_4' title='bbox 484 507 515 565; x_wconf 94' lang='lat' dir='ltr'><strong>in</strong></span> <span class='ocrx_word' id='word_1_5' title='bbox 542 507 790 580; x_wconf 81' lang='lat' dir='ltr'>comparationem</span> <span class='ocrx_word' id='word_1_6' title='bbox 816 527 952 569; x_wconf 85' lang='lat' dir='ltr'><strong>vocemus</strong></span> <span class='ocrx_word' id='word_1_7' title='bbox 980 525 1063 566; x_wconf 91' lang='lat' dir='ltr'><strong>usum</strong></span> <span class='ocrx_word' id='word_1_8' title='bbox 1091 500 1252 567; x_wconf 84' lang='lat' dir='ltr'><strong>accusativi</strong></span> <span class='ocrx_word' id='word_1_9' title='bbox 1273 508 1353 567; x_wconf 93' lang='lat' dir='ltr'><strong>inso-</strong></span> 
     </span>
     <span class='ocr_line' id='line_1_3' title="bbox 176 593 1355 665; baseline -0.001 -12"><span class='ocrx_word' id='word_1_10' title='bbox 176 595 282 653; x_wconf 88' lang='lat' dir='ltr'><strong>lentius</strong></span> <span class='ocrx_word' id='word_1_11' title='bbox 309 593 505 665; x_wconf 80' lang='lat' dir='ltr'><strong>appositionis</strong></span> <span class='ocrx_word' id='word_1_12' title='bbox 532 593 598 651; x_wconf 89' lang='lat' dir='ltr'><strong>loco</strong></span> <span class='ocrx_word' id='word_1_13' title='bbox 624 595 731 652; x_wconf 81' lang='lat' dir='ltr'>adnexi</span> <span class='ocrx_word' id='word_1_14' title='bbox 758 598 797 655; x_wconf 91' lang='lat' dir='ltr'><strong>ad</strong></span> <span class='ocrx_word' id='word_1_15' title='bbox 823 599 917 654; x_wconf 90' lang='lat' dir='ltr'><strong>totum</strong></span> <span class='ocrx_word' id='word_1_16' title='bbox 944 595 1134 654; x_wconf 90' lang='lat' dir='ltr'><strong>enuntiatum.</strong></span> <span class='ocrx_word' id='word_1_17' title='bbox 1179 593 1250 651; x_wconf 91' lang='lat' dir='ltr'><strong>Cum</strong></span> <span class='ocrx_word' id='word_1_18' title='bbox 1277 594 1355 652; x_wconf 92' lang='lat' dir='ltr'><strong>enim</strong></span> 
     </span>
     <span class='ocr_line' id='line_1_4' title="bbox 178 677 1352 754; baseline -0.001 -15"><span class='ocrx_word' id='word_1_19' title='bbox 178 681 279 739; x_wconf 89' lang='lat' dir='ltr'><strong>Cicero</strong></span> <span class='ocrx_word' id='word_1_20' title='bbox 289 677 309 754; x_wconf 84' lang='grc'><strong>1)</strong></span> <span class='ocrx_word' id='word_1_21' title='bbox 332 677 479 750; x_wconf 82' lang='lat' dir='ltr'><strong>superiori</strong></span> <span class='ocrx_word' id='word_1_22' title='bbox 502 679 663 737; x_wconf 89' lang='lat' dir='ltr'><strong>sententiae</strong></span> <span class='ocrx_word' id='word_1_23' title='bbox 680 681 879 740; x_wconf 79' lang='lat' dir='ltr'><strong>accusativum</strong></span> <span class='ocrx_word' id='word_1_24' title='bbox 897 699 951 753; x_wconf 93' lang='lat' dir='ltr'><strong>pro</strong></span> <span class='ocrx_word' id='word_1_25' title='bbox 970 680 1156 751; x_wconf 90' lang='lat' dir='ltr'><strong>appositione</strong></span> <span class='ocrx_word' id='word_1_26' title='bbox 1173 695 1233 736; x_wconf 91' lang='lat' dir='ltr'><strong>non</strong></span> <span class='ocrx_word' id='word_1_27' title='bbox 1250 680 1352 738; x_wconf 89' lang='lat' dir='ltr'><strong>adiun-</strong></span> 
     </span>
     <span class='ocr_line' id='line_1_5' title="bbox 175 764 1355 844; baseline 0.002 -22"><span class='ocrx_word' id='word_1_28' title='bbox 175 772 258 838; x_wconf 89' lang='lat' dir='ltr'><strong>geret</strong></span> <span class='ocrx_word' id='word_1_29' title='bbox 285 765 343 823; x_wconf 89' lang='lat' dir='ltr'><strong>nisi</strong></span> <span class='ocrx_word' id='word_1_30' title='bbox 364 765 395 823; x_wconf 95' lang='lat' dir='ltr'><strong>in</strong></span> <span class='ocrx_word' id='word_1_31' title='bbox 417 764 528 822; x_wconf 91' lang='lat' dir='ltr'><strong>iudicio</strong></span> <span class='ocrx_word' id='word_1_32' title='bbox 550 765 649 835; x_wconf 89' lang='lat' dir='ltr'><strong>aliquo</strong></span> <span class='ocrx_word' id='word_1_33' title='bbox 672 767 827 826; x_wconf 90' lang='lat' dir='ltr'><strong>adiciendo</strong></span> <span class='ocrx_word' id='word_1_34' title='bbox 848 767 918 844; x_wconf 89' lang='lat' dir='ltr'><strong>(rem</strong></span> <span class='ocrx_word' id='word_1_35' title='bbox 943 764 1091 826; x_wconf 90' lang='lat' dir='ltr'><strong>difficilem</strong></span> <span class='ocrx_word' id='word_1_36' title='bbox 1110 782 1229 824; x_wconf 90' lang='lat' dir='ltr'><strong>—rem</strong></span> <span class='ocrx_word' id='word_1_37' title='bbox 1252 764 1355 824; x_wconf 92' lang='lat' dir='ltr'><strong>incon·</strong></span> 
     </span>
     <span class='ocr_line' id='line_1_6' title="bbox 176 848 1356 925; baseline -0.003 -14"><span class='ocrx_word' id='word_1_38' title='bbox 176 853 268 912; x_wconf 90' lang='lat' dir='ltr'><strong>ditam</strong></span> <span class='ocrx_word' id='word_1_39' title='bbox 291 855 320 909; x_wconf 93' lang='lat' dir='ltr'><strong>et</strong></span> <span class='ocrx_word' id='word_1_40' title='bbox 341 848 388 925; x_wconf 91' lang='lat' dir='ltr'><strong>al.)</strong></span> <span class='ocrx_word' id='word_1_41' title='bbox 417 848 573 908; x_wconf 77' lang='lat' dir='ltr'><strong>Sallustius</strong></span> <span class='ocrx_word' id='word_1_42' title='bbox 596 849 773 910; x_wconf 87' lang='lat' dir='ltr'><strong>Graecorum</strong></span> <span class='ocrx_word' id='word_1_43' title='bbox 801 869 882 911; x_wconf 90' lang='lat' dir='ltr'><strong>more</strong></span> <span class='ocrx_word' id='word_1_44' title='bbox 905 853 1000 924; x_wconf 89' lang='lat' dir='ltr'><strong>coepit</strong></span> <span class='ocrx_word' id='word_1_45' title='bbox 1023 867 1089 909; x_wconf 91' lang='lat' dir='ltr'><strong>cum</strong></span> <span class='ocrx_word' id='word_1_46' title='bbox 1110 851 1218 909; x_wconf 80' lang='lat' dir='ltr'><strong>addere</strong></span> <span class='ocrx_word' id='word_1_47' title='bbox 1240 855 1356 909; x_wconf 89' lang='lat' dir='ltr'><strong>senten-</strong></span> 
     </span>
     <span class='ocr_line' id='line_1_7' title="bbox 175 934 1356 1008; baseline -0.002 -12"><span class='ocrx_word' id='word_1_48' title='bbox 175 938 235 996; x_wconf 90' lang='lat' dir='ltr'><strong>tiae</strong></span> <span class='ocrx_word' id='word_1_49' title='bbox 263 937 410 1008; x_wconf 87' lang='lat' dir='ltr'><strong>superiori</strong></span> <span class='ocrx_word' id='word_1_50' title='bbox 437 935 526 994; x_wconf 90' lang='lat' dir='ltr'><strong>etiam</strong></span> <span class='ocrx_word' id='word_1_51' title='bbox 553 937 592 994; x_wconf 91' lang='lat' dir='ltr'><strong>ad</strong></span> <span class='ocrx_word' id='word_1_52' title='bbox 619 935 842 1007; x_wconf 83' lang='lat' dir='ltr'><strong>significandum</strong></span> <span class='ocrx_word' id='word_1_53' title='bbox 865 944 894 997; x_wconf 89' lang='lat' dir='ltr'><strong>et</strong></span> <span class='ocrx_word' id='word_1_54' title='bbox 916 935 1049 996; x_wconf 81' lang='lat' dir='ltr'><strong>effectum</strong></span> <span class='ocrx_word' id='word_1_55' title='bbox 1070 942 1101 995; x_wconf 91' lang='lat' dir='ltr'><strong>et</strong></span> <span class='ocrx_word' id='word_1_56' title='bbox 1121 934 1209 994; x_wconf 89' lang='lat' dir='ltr'><strong>finem</strong></span> <span class='ocrx_word' id='word_1_57' title='bbox 1230 935 1356 994; x_wconf 90' lang='lat' dir='ltr'><strong>actionis</strong></span> 
     </span>
     <span class='ocr_line' id='line_1_8' title="bbox 177 1021 1357 1094; baseline -0.003 -12"><span class='ocrx_word' id='word_1_58' title='bbox 177 1023 260 1082; x_wconf 89' lang='lat' dir='ltr'><strong>verbi</strong></span> <span class='ocrx_word' id='word_1_59' title='bbox 292 1023 475 1080; x_wconf 90' lang='lat' dir='ltr'><strong>enuntiatum</strong></span> <span class='ocrx_word' id='word_1_60' title='bbox 503 1021 637 1092; x_wconf 89' lang='lat' dir='ltr'><strong>superius</strong></span> <span class='ocrx_word' id='word_1_61' title='bbox 664 1024 805 1094; x_wconf 90' lang='lat' dir='ltr'><strong>regentis,</strong></span> <span class='ocrx_word' id='word_1_62' title='bbox 837 1042 855 1082; x_wconf 94' lang='lat' dir='ltr'><strong>a</strong></span> <span class='ocrx_word' id='word_1_63' title='bbox 882 1040 938 1094; x_wconf 93' lang='lat' dir='ltr'><strong>quo</strong></span> <span class='ocrx_word' id='word_1_64' title='bbox 966 1022 1150 1092; x_wconf 86' lang='lat' dir='ltr'><strong>accusativus</strong></span> <span class='ocrx_word' id='word_1_65' title='bbox 1177 1026 1263 1092; x_wconf 93' lang='lat' dir='ltr'><strong>aptus</strong></span> <span class='ocrx_word' id='word_1_66' title='bbox 1292 1036 1357 1079; x_wconf 89' lang='lat' dir='ltr'><strong>esse</strong></span> 
     </span>
     <span class='ocr_line' id='line_1_9' title="bbox 177 1106 1357 1181; baseline -0.001 -15"><span class='ocrx_word' id='word_1_67' title='bbox 177 1109 326 1181; x_wconf 88' lang='lat' dir='ltr'><strong>putandus</strong></span> <span class='ocrx_word' id='word_1_68' title='bbox 354 1111 406 1166; x_wconf 92' lang='lat' dir='ltr'><strong>est.</strong></span> <span class='ocrx_word' id='word_1_69' title='bbox 451 1107 514 1178; x_wconf 79' lang='lat' dir='ltr'><strong>Quo</strong></span> <span class='ocrx_word' id='word_1_70' title='bbox 541 1106 571 1164; x_wconf 90' lang='lat' dir='ltr'><strong>in</strong></span> <span class='ocrx_word' id='word_1_71' title='bbox 598 1123 653 1166; x_wconf 93' lang='lat' dir='ltr'><strong>usu</strong></span> <span class='ocrx_word' id='word_1_72' title='bbox 681 1125 746 1166; x_wconf 92' lang='lat' dir='ltr'><strong>cum</strong></span> <span class='ocrx_word' id='word_1_73' title='bbox 774 1110 825 1167; x_wconf 90' lang='lat' dir='ltr'><strong>alii</strong></span> <span class='ocrx_word' id='word_1_74' title='bbox 847 1126 912 1167; x_wconf 93' lang='lat' dir='ltr'><strong>eum</strong></span> <span class='ocrx_word' id='word_1_75' title='bbox 936 1107 1028 1167; x_wconf 90' lang='lat' dir='ltr'><strong>secuti</strong></span> <span class='ocrx_word' id='word_1_76' title='bbox 1051 1112 1126 1177; x_wconf 91' lang='lat' dir='ltr'><strong>sunt,</strong></span> <span class='ocrx_word' id='word_1_77' title='bbox 1149 1112 1211 1165; x_wconf 88' lang='lat' dir='ltr'><strong>tum</strong></span> <span class='ocrx_word' id='word_1_78' title='bbox 1232 1107 1357 1165; x_wconf 83' lang='lat' dir='ltr'><strong>maxime</strong></span> 
     </span>
     <span class='ocr_line' id='line_1_10' title="bbox 178 1192 1354 1268; baseline -0.003 -15"><span class='ocrx_word' id='word_1_79' title='bbox 178 1195 310 1253; x_wconf 75' lang='lat' dir='ltr'><strong>Tacitus:</strong></span> <span class='ocrx_word' id='word_1_80' title='bbox 335 1193 402 1252; x_wconf 84' lang='lat' dir='ltr'><strong>Sall.</strong></span> <span class='ocrx_word' id='word_1_81' title='bbox 421 1193 489 1250; x_wconf 88' lang='lat' dir='ltr'><strong>hist.</strong></span> <span class='ocrx_word' id='word_1_82' title='bbox 507 1192 530 1250; x_wconf 90' lang='lat' dir='ltr'><strong>I.</strong></span> <span class='ocrx_word' id='word_1_83' title='bbox 550 1193 589 1250; x_wconf 89' lang='grc'><strong>41</strong></span> <span class='ocrx_word' id='word_1_84' title='bbox 609 1192 676 1268; x_wconf 80' lang='grc'>(45),</span> <span class='ocrx_word' id='word_1_85' title='bbox 697 1196 735 1253; x_wconf 85' lang='grc'><strong>12</strong></span> <span class='ocrx_word' id='word_1_86' title='bbox 759 1196 853 1266; x_wconf 89' lang='lat' dir='ltr'><strong>plebis</strong></span> <span class='ocrx_word' id='word_1_87' title='bbox 875 1195 1013 1253; x_wconf 85' lang='lat' dir='ltr'><strong>innoxiae</strong></span> <span class='ocrx_word' id='word_1_88' title='bbox 1035 1192 1147 1264; x_wconf 90' lang='lat' dir='ltr'><strong>patrias</strong></span> <span class='ocrx_word' id='word_1_89' title='bbox 1166 1192 1249 1251; x_wconf 87' lang='lat' dir='ltr'><strong>sedes</strong></span> <span class='ocrx_word' id='word_1_90' title='bbox 1268 1209 1354 1251; x_wconf 91' lang='lat' dir='ltr'><strong>oceu-</strong></span> 
     </span>
     <span class='ocr_line' id='line_1_11' title="bbox 179 1275 1357 1355; baseline -0.001 -17"><span class='ocrx_word' id='word_1_91' title='bbox 179 1297 287 1352; x_wconf 89' lang='lat' dir='ltr'><strong>pavere</strong></span> <span class='ocrx_word' id='word_1_92' title='bbox 317 1279 404 1350; x_wconf 91' lang='lat' dir='ltr'><strong>pauci</strong></span> <span class='ocrx_word' id='word_1_93' title='bbox 435 1278 589 1348; x_wconf 85' lang='lat' dir='ltr'><strong>satellites,</strong></span> <span class='ocrx_word' id='word_1_94' title='bbox 619 1281 781 1338; x_wconf 87' lang='lat' dir='ltr'><strong>mercedem</strong></span> <span class='ocrx_word' id='word_1_95' title='bbox 813 1281 961 1339; x_wconf 91' lang='lat' dir='ltr'><strong>scelerum.</strong></span> <span class='ocrx_word' id='word_1_96' title='bbox 1002 1280 1069 1337; x_wconf 85' lang='lat' dir='ltr'><strong>hist.</strong></span> <span class='ocrx_word' id='word_1_97' title='bbox 1096 1278 1147 1337; x_wconf 85' lang='lat' dir='ltr'><strong>IV.</strong></span> <span class='ocrx_word' id='word_1_98' title='bbox 1174 1280 1213 1337; x_wconf 90' lang='grc'><strong>61</strong></span> <span class='ocrx_word' id='word_1_99' title='bbox 1236 1275 1304 1355; x_wconf 85' lang='grc'>(19),</span> <span class='ocrx_word' id='word_1_100' title='bbox 1328 1279 1357 1337; x_wconf 84' lang='lat'><strong>8.</strong></span> 
     </span>
     <span class='ocr_line' id='line_1_12' title="bbox 179 1363 1357 1438; baseline -0.003 -14"><span class='ocrx_word' id='word_1_101' title='bbox 179 1368 338 1425; x_wconf 85' lang='lat' dir='ltr'><strong>Eumenem</strong></span> <span class='ocrx_word' id='word_1_102' title='bbox 368 1363 453 1422; x_wconf 88' lang='lat' dir='ltr'><strong>initio</strong></span> <span class='ocrx_word' id='word_1_103' title='bbox 484 1365 643 1436; x_wconf 88' lang='lat' dir='ltr'><strong>prodidere</strong></span> <span class='ocrx_word' id='word_1_104' title='bbox 672 1366 832 1437; x_wconf 90' lang='lat' dir='ltr'><strong>Antiocho,</strong></span> <span class='ocrx_word' id='word_1_105' title='bbox 863 1366 945 1438; x_wconf 85' lang='lat' dir='ltr'><strong>pacis</strong></span> <span class='ocrx_word' id='word_1_106' title='bbox 976 1367 1147 1424; x_wconf 88' lang='lat' dir='ltr'><strong>mercedem.</strong></span> <span class='ocrx_word' id='word_1_107' title='bbox 1194 1364 1263 1422; x_wconf 91' lang='lat' dir='ltr'><strong>Tae.</strong></span> <span class='ocrx_word' id='word_1_108' title='bbox 1290 1363 1357 1422; x_wconf 91' lang='lat' dir='ltr'><strong>hist.</strong></span> 
     </span>
     <span class='ocr_line' id='line_1_13' title="bbox 180 1449 1358 1523; baseline -0.003 -14"><span class='ocrx_word' id='word_1_109' title='bbox 180 1452 231 1523; x_wconf 90' lang='lat' dir='ltr'><strong>IV,</strong></span> <span class='ocrx_word' id='word_1_110' title='bbox 255 1453 293 1511; x_wconf 89' lang='grc'><strong>19</strong></span> <span class='ocrx_word' id='word_1_111' title='bbox 321 1449 447 1522; x_wconf 89' lang='lat' dir='ltr'><strong>pretium</strong></span> <span class='ocrx_word' id='word_1_112' title='bbox 474 1449 589 1508; x_wconf 88' lang='lat' dir='ltr'><strong>itineris</strong></span> <span class='ocrx_word' id='word_1_113' title='bbox 613 1450 781 1508; x_wconf 91' lang='lat' dir='ltr'><strong>donativum</strong></span> <span class='ocrx_word' id='word_1_114' title='bbox 805 1485 843 1493; x_wconf 88' lang='lat'>-</span> <span class='ocrx_word' id='word_1_115' title='bbox 867 1452 1058 1523; x_wconf 81' lang='lat' dir='ltr'><strong>postulabant</strong></span> <span class='ocrx_word' id='word_1_116' title='bbox 1080 1468 1138 1508; x_wconf 93' lang='lat' dir='ltr'><strong>non</strong></span> <span class='ocrx_word' id='word_1_117' title='bbox 1160 1455 1194 1508; x_wconf 91' lang='lat' dir='ltr'><strong>ut</strong></span> <span class='ocrx_word' id='word_1_118' title='bbox 1216 1451 1358 1520; x_wconf 87' lang='lat' dir='ltr'><strong>adseque-</strong></span> 
     </span>
     <span class='ocr_line' id='line_1_14' title="bbox 181 1535 1358 1608; baseline -0.002 -13"><span class='ocrx_word' id='word_1_119' title='bbox 181 1542 290 1608; x_wconf 89' lang='lat' dir='ltr'><strong>rentur,</strong></span> <span class='ocrx_word' id='word_1_120' title='bbox 313 1538 364 1596; x_wconf 91' lang='lat' dir='ltr'><strong>sed</strong></span> <span class='ocrx_word' id='word_1_121' title='bbox 386 1551 504 1594; x_wconf 91' lang='lat' dir='ltr'><strong>oausam</strong></span> <span class='ocrx_word' id='word_1_122' title='bbox 527 1535 674 1594; x_wconf 88' lang='lat' dir='ltr'><strong>seditioni.</strong></span> <span class='ocrx_word' id='word_1_123' title='bbox 711 1553 778 1596; x_wconf 91' lang='lat' dir='ltr'><strong>ann.</strong></span> <span class='ocrx_word' id='word_1_124' title='bbox 800 1537 822 1607; x_wconf 93' lang='lat' dir='ltr'><strong>I,</strong></span> <span class='ocrx_word' id='word_1_125' title='bbox 843 1541 882 1596; x_wconf 70' lang='grc'><strong>21</strong></span> <span class='ocrx_word' id='word_1_126' title='bbox 905 1555 1007 1595; x_wconf 90' lang='lat' dir='ltr'><strong>manus</strong></span> <span class='ocrx_word' id='word_1_127' title='bbox 1030 1537 1217 1605; x_wconf 87' lang='lat' dir='ltr'><strong>intentantes,</strong></span> <span class='ocrx_word' id='word_1_128' title='bbox 1240 1551 1358 1593; x_wconf 86' lang='lat' dir='ltr'><strong>causam</strong></span> 
     </span>
     <span class='ocr_line' id='line_1_15' title="bbox 183 1620 1359 1693; baseline -0.003 -12"><span class='ocrx_word' id='word_1_129' title='bbox 183 1621 347 1682; x_wconf 89' lang='lat' dir='ltr'><strong>discordiae</strong></span> <span class='ocrx_word' id='word_1_130' title='bbox 374 1627 403 1680; x_wconf 90' lang='lat' dir='ltr'><strong>et</strong></span> <span class='ocrx_word' id='word_1_131' title='bbox 425 1620 540 1679; x_wconf 91' lang='lat' dir='ltr'><strong>initium</strong></span> <span class='ocrx_word' id='word_1_132' title='bbox 563 1638 719 1679; x_wconf 90' lang='lat' dir='ltr'><strong>armorum.</strong></span> <span class='ocrx_word' id='word_1_133' title='bbox 755 1641 821 1680; x_wconf 93' lang='lat' dir='ltr'><strong>ann.</strong></span> <span class='ocrx_word' id='word_1_134' title='bbox 844 1621 883 1693; x_wconf 88' lang='lat' dir='ltr'><strong>H,</strong></span> <span class='ocrx_word' id='word_1_135' title='bbox 907 1624 948 1682; x_wconf 88' lang='grc'><strong>64</strong></span> <span class='ocrx_word' id='word_1_136' title='bbox 971 1621 1126 1681; x_wconf 82' lang='lat' dir='ltr'><strong>excindere</strong></span> <span class='ocrx_word' id='word_1_137' title='bbox 1148 1621 1268 1679; x_wconf 89' lang='lat' dir='ltr'><strong>castella</strong></span> <span class='ocrx_word' id='word_1_138' title='bbox 1290 1637 1359 1678; x_wconf 90' lang='lat' dir='ltr'><strong>cau-</strong></span> 
     </span>
     <span class='ocr_line' id='line_1_16' title="bbox 183 1705 1359 1780; baseline -0.003 -13"><span class='ocrx_word' id='word_1_139' title='bbox 183 1726 230 1767; x_wconf 90' lang='lat' dir='ltr'><strong>sas</strong></span> <span class='ocrx_word' id='word_1_140' title='bbox 252 1709 338 1767; x_wconf 88' lang='lat' dir='ltr'><strong>bello.</strong></span> <span class='ocrx_word' id='word_1_141' title='bbox 363 1739 401 1749; x_wconf 81' lang='grc'>-</span> <span class='ocrx_word' id='word_1_142' title='bbox 425 1707 501 1766; x_wconf 87' lang='lat' dir='ltr'><strong>adde</strong></span> <span class='ocrx_word' id='word_1_143' title='bbox 523 1705 591 1765; x_wconf 90' lang='lat' dir='ltr'><strong>hist.</strong></span> <span class='ocrx_word' id='word_1_144' title='bbox 614 1705 637 1778; x_wconf 91' lang='lat' dir='ltr'><strong>I,</strong></span> <span class='ocrx_word' id='word_1_145' title='bbox 656 1707 705 1764; x_wconf 87' lang='grc'><strong>44.</strong></span> <span class='ocrx_word' id='word_1_146' title='bbox 726 1711 774 1766; x_wconf 82' lang='grc'><strong>72.</strong></span> <span class='ocrx_word' id='word_1_147' title='bbox 806 1708 859 1780; x_wconf 88' lang='grc' dir='ltr'><strong>ΠΙ,</strong></span> <span class='ocrx_word' id='word_1_148' title='bbox 883 1711 932 1768; x_wconf 89' lang='grc'><strong>61.</strong></span> <span class='ocrx_word' id='word_1_149' title='bbox 963 1707 1014 1780; x_wconf 87' lang='lat' dir='ltr'><strong>IV,</strong></span> <span class='ocrx_word' id='word_1_150' title='bbox 1034 1709 1082 1766; x_wconf 90' lang='lat'><strong>18.</strong></span> <span class='ocrx_word' id='word_1_151' title='bbox 1114 1724 1179 1764; x_wconf 89' lang='lat' dir='ltr'><strong>ann.</strong></span> <span class='ocrx_word' id='word_1_152' title='bbox 1198 1705 1221 1778; x_wconf 91' lang='lat' dir='ltr'><strong>I,</strong></span> <span class='ocrx_word' id='word_1_153' title='bbox 1240 1708 1290 1766; x_wconf 87' lang='lat'><strong>30.</strong></span> <span class='ocrx_word' id='word_1_154' title='bbox 1309 1707 1359 1765; x_wconf 84' lang='lat'><strong>35.</strong></span> 
     </span>
     <span class='ocr_line' id='line_1_17' title="bbox 183 1792 521 1863; baseline -0.012 -9"><span class='ocrx_word' id='word_1_155' title='bbox 183 1796 231 1854; x_wconf 83' lang='lat'><strong>39.</strong></span> <span class='ocrx_word' id='word_1_156' title='bbox 254 1796 304 1853; x_wconf 82' lang='lat'><strong>56.</strong></span> <span class='ocrx_word' id='word_1_157' title='bbox 335 1792 386 1863; x_wconf 88' lang='lat' dir='ltr'><strong>IV,</strong></span> <span class='ocrx_word' id='word_1_158' title='bbox 409 1794 459 1851; x_wconf 89' lang='lat'><strong>10.</strong></span> <span class='ocrx_word' id='word_1_159' title='bbox 481 1825 521 1834; x_wconf 94' lang='lat'>-</span> 
     </span>
    </p>
   </div>
   <div class='ocr_carea' id='block_1_3' title="bbox 181 1945 1359 2448">
    <p class='ocr_par' dir='ltr' id='par_1_3' title="bbox 181 1945 1359 2448">
     <span class='ocr_line' id='line_1_18' title="bbox 267 1945 1357 2018; baseline -0.005 -12"><span class='ocrx_word' id='word_1_160' title='bbox 267 1947 324 2006; x_wconf 92' lang='lat' dir='ltr'><strong>Sed</strong></span> <span class='ocrx_word' id='word_1_161' title='bbox 346 1952 545 2018; x_wconf 89' lang='lat' dir='ltr'><strong>agnoscuntur</strong></span> <span class='ocrx_word' id='word_1_162' title='bbox 562 1947 658 2005; x_wconf 83' lang='lat' dir='ltr'><strong>Taciti</strong></span> <span class='ocrx_word' id='word_1_163' title='bbox 681 1949 780 2007; x_wconf 91' lang='lat' dir='ltr'><strong>studia</strong></span> <span class='ocrx_word' id='word_1_164' title='bbox 802 1948 979 2008; x_wconf 88' lang='lat' dir='ltr'><strong>Sallustiana</strong></span> <span class='ocrx_word' id='word_1_165' title='bbox 1001 1965 1060 2006; x_wconf 92' lang='lat' dir='ltr'><strong>non</strong></span> <span class='ocrx_word' id='word_1_166' title='bbox 1083 1945 1226 2006; x_wconf 88' lang='lat' dir='ltr'><strong>orationis</strong></span> <span class='ocrx_word' id='word_1_167' title='bbox 1243 1947 1357 2002; x_wconf 89' lang='lat' dir='ltr'><strong>tanturn</strong></span> 
     </span>
     <span class='ocr_line' id='line_1_19' title="bbox 181 2030 1359 2104; baseline -0.006 -10"><span class='ocrx_word' id='word_1_168' title='bbox 181 2052 217 2094; x_wconf 93' lang='lat' dir='ltr'><strong>ex</strong></span> <span class='ocrx_word' id='word_1_169' title='bbox 239 2032 443 2103; x_wconf 90' lang='lat' dir='ltr'><strong>similitudine,</strong></span> <span class='ocrx_word' id='word_1_170' title='bbox 470 2034 521 2091; x_wconf 92' lang='lat' dir='ltr'><strong>sed</strong></span> <span class='ocrx_word' id='word_1_171' title='bbox 548 2033 636 2090; x_wconf 88' lang='lat' dir='ltr'><strong>etiam</strong></span> <span class='ocrx_word' id='word_1_172' title='bbox 658 2034 748 2092; x_wconf 90' lang='lat' dir='ltr'><strong>multo</strong></span> <span class='ocrx_word' id='word_1_173' title='bbox 771 2035 864 2104; x_wconf 89' lang='lat' dir='ltr'><strong>magis</strong></span> <span class='ocrx_word' id='word_1_174' title='bbox 887 2052 922 2092; x_wconf 89' lang='lat' dir='ltr'><strong>ex</strong></span> <span class='ocrx_word' id='word_1_175' title='bbox 943 2034 1082 2092; x_wconf 89' lang='lat' dir='ltr'><strong>univorsa</strong></span> <span class='ocrx_word' id='word_1_176' title='bbox 1104 2030 1288 2090; x_wconf 91' lang='lat' dir='ltr'><strong>describendi</strong></span> <span class='ocrx_word' id='word_1_177' title='bbox 1310 2047 1359 2087; x_wconf 90' lang='lat' dir='ltr'><strong>ra-</strong></span> 
     </span>
     <span class='ocr_line' id='line_1_20' title="bbox 181 2115 1359 2191; baseline -0.006 -13"><span class='ocrx_word' id='word_1_178' title='bbox 181 2121 273 2189; x_wconf 89' lang='lat' dir='ltr'><strong>tione,</strong></span> <span class='ocrx_word' id='word_1_179' title='bbox 300 2118 457 2190; x_wconf 88' lang='lat' dir='ltr'><strong>praecipue</strong></span> <span class='ocrx_word' id='word_1_180' title='bbox 483 2118 513 2176; x_wconf 94' lang='lat' dir='ltr'><strong>in</strong></span> <span class='ocrx_word' id='word_1_181' title='bbox 534 2117 682 2190; x_wconf 84' lang='lat' dir='ltr'><strong>Agricola,</strong></span> <span class='ocrx_word' id='word_1_182' title='bbox 706 2136 790 2191; x_wconf 88' lang='lat' dir='ltr'><strong>quem</strong></span> <span class='ocrx_word' id='word_1_183' title='bbox 812 2121 920 2178; x_wconf 90' lang='lat' dir='ltr'><strong>librum</strong></span> <span class='ocrx_word' id='word_1_184' title='bbox 942 2136 1043 2177; x_wconf 91' lang='lat' dir='ltr'><strong>recens</strong></span> <span class='ocrx_word' id='word_1_185' title='bbox 1066 2135 1084 2176; x_wconf 90' lang='lat' dir='ltr'><strong>a</strong></span> <span class='ocrx_word' id='word_1_186' title='bbox 1107 2117 1204 2176; x_wconf 91' lang='lat' dir='ltr'><strong>studio</strong></span> <span class='ocrx_word' id='word_1_187' title='bbox 1228 2115 1359 2174; x_wconf 87' lang='lat' dir='ltr'><strong>Sallustii</strong></span> 
     </span>
     <span class='ocr_line' id='line_1_21' title="bbox 182 2200 1357 2276; baseline -0.006 -12"><span class='ocrx_word' id='word_1_188' title='bbox 182 2205 298 2264; x_wconf 89' lang='lat' dir='ltr'><strong>videtur</strong></span> <span class='ocrx_word' id='word_1_189' title='bbox 320 2204 527 2275; x_wconf 90' lang='lat' dir='ltr'><strong>composuisse.</strong></span> <span class='ocrx_word' id='word_1_190' title='bbox 563 2203 663 2276; x_wconf 88' lang='lat' dir='ltr'><strong>Neque</strong></span> <span class='ocrx_word' id='word_1_191' title='bbox 686 2205 882 2276; x_wconf 85' lang='lat' dir='ltr'><strong>digressiones</strong></span> <span class='ocrx_word' id='word_1_192' title='bbox 904 2210 934 2263; x_wconf 90' lang='lat' dir='ltr'><strong>et</strong></span> <span class='ocrx_word' id='word_1_193' title='bbox 956 2205 1113 2264; x_wconf 87' lang='lat' dir='ltr'><strong>historicae</strong></span> <span class='ocrx_word' id='word_1_194' title='bbox 1136 2208 1165 2261; x_wconf 93' lang='lat' dir='ltr'><strong>et</strong></span> <span class='ocrx_word' id='word_1_195' title='bbox 1182 2200 1357 2273; x_wconf 86' lang='lat' dir='ltr'><strong>geographi·</strong></span> 
     </span>
     <span class='ocr_line' id='line_1_22' title="bbox 182 2289 1356 2362; baseline -0.003 -14"><span class='ocrx_word' id='word_1_196' title='bbox 182 2308 244 2361; x_wconf 92' lang='lat' dir='ltr'><strong>cae,</strong></span> <span class='ocrx_word' id='word_1_197' title='bbox 272 2307 343 2361; x_wconf 89' lang='lat' dir='ltr'><strong>quas</strong></span> <span class='ocrx_word' id='word_1_198' title='bbox 367 2289 505 2360; x_wconf 90' lang='lat' dir='ltr'><strong>operibus</strong></span> <span class='ocrx_word' id='word_1_199' title='bbox 527 2289 715 2362; x_wconf 90' lang='lat' dir='ltr'><strong>interposuit,</strong></span> <span class='ocrx_word' id='word_1_200' title='bbox 743 2291 874 2349; x_wconf 88' lang='lat' dir='ltr'><strong>Sallustii</strong></span> <span class='ocrx_word' id='word_1_201' title='bbox 896 2307 986 2362; x_wconf 86' lang='lat' dir='ltr'><strong>genus</strong></span> <span class='ocrx_word' id='word_1_202' title='bbox 1009 2289 1149 2348; x_wconf 92' lang='lat' dir='ltr'><strong>narrandi</strong></span> <span class='ocrx_word' id='word_1_203' title='bbox 1171 2305 1230 2346; x_wconf 92' lang='lat' dir='ltr'><strong>nou</strong></span> <span class='ocrx_word' id='word_1_204' title='bbox 1251 2302 1356 2357; x_wconf 89' lang='lat' dir='ltr'><strong>magno</strong></span> 
     </span>
     <span class='ocr_line' id='line_1_23' title="bbox 182 2373 1357 2448; baseline -0.006 -13"><span class='ocrx_word' id='word_1_205' title='bbox 182 2393 271 2447; x_wconf 91' lang='lat' dir='ltr'><strong>opere</strong></span> <span class='ocrx_word' id='word_1_206' title='bbox 292 2377 433 2434; x_wconf 89' lang='lat' dir='ltr'><strong>redolent.</strong></span> <span class='ocrx_word' id='word_1_207' title='bbox 469 2374 576 2432; x_wconf 91' lang='lat' dir='ltr'><strong>Libros</strong></span> <span class='ocrx_word' id='word_1_208' title='bbox 595 2375 708 2446; x_wconf 89' lang='lat' dir='ltr'><strong>aliquot</strong></span> <span class='ocrx_word' id='word_1_209' title='bbox 724 2375 804 2448; x_wconf 90' lang='lat' dir='ltr'><strong>ipsos</strong></span> <span class='ocrx_word' id='word_1_210' title='bbox 823 2377 942 2435; x_wconf 86' lang='lat' dir='ltr'><strong>Tacitus</strong></span> <span class='ocrx_word' id='word_1_211' title='bbox 961 2375 1107 2448; x_wconf 92' lang='lat' dir='ltr'><strong>disposuit</strong></span> <span class='ocrx_word' id='word_1_212' title='bbox 1124 2375 1162 2432; x_wconf 90' lang='lat' dir='ltr'><strong>ad</strong></span> <span class='ocrx_word' id='word_1_213' title='bbox 1181 2373 1243 2431; x_wconf 90' lang='lat' dir='ltr'><strong>eius</strong></span> <span class='ocrx_word' id='word_1_214' title='bbox 1262 2388 1357 2430; x_wconf 89' lang='lat' dir='ltr'><strong>exeru-</strong></span> 
     </span>
    </p>
   </div>
   <div class='ocr_carea' id='block_1_4' title="bbox 183 2457 1358 2620">
    <p class='ocr_par' dir='ltr' id='par_1_4' title="bbox 183 2457 1358 2620">
     <span class='ocr_line' id='line_1_24' title="bbox 183 2457 1358 2548; baseline -0.003 -29"><span class='ocrx_word' id='word_1_215' title='bbox 183 2463 270 2533; x_wconf 91' lang='lat' dir='ltr'><strong>plum.</strong></span> <span class='ocrx_word' id='word_1_216' title='bbox 306 2461 363 2519; x_wconf 88' lang='lat' dir='ltr'><strong>Sed</strong></span> <span class='ocrx_word' id='word_1_217' title='bbox 386 2461 513 2518; x_wconf 90' lang='lat' dir='ltr'><strong>omnium</strong></span> <span class='ocrx_word' id='word_1_218' title='bbox 536 2460 660 2519; x_wconf 91' lang='lat' dir='ltr'><strong>maxime</strong></span> <span class='ocrx_word' id='word_1_219' title='bbox 683 2462 813 2520; x_wconf 89' lang='lat' dir='ltr'><strong>Sallustii</strong></span> <span class='ocrx_word' id='word_1_220' title='bbox 833 2462 959 2520; x_wconf 88' lang='lat' dir='ltr'><strong>imitatio</strong></span> <span class='ocrx_word' id='word_1_221' title='bbox 978 2461 1108 2520; x_wconf 88' lang='lat' dir='ltr'><strong>cernitur</strong></span> <span class='ocrx_word' id='word_1_222' title='bbox 1125 2460 1155 2518; x_wconf 93' lang='lat' dir='ltr'><strong>in</strong></span> <span class='ocrx_word' id='word_1_223' title='bbox 1175 2457 1358 2548; x_wconf 76' lang='lat' dir='ltr'><strong>orationibus</strong></span> 
     </span>
     <span class='ocr_line' id='line_1_25' title="bbox 185 2545 1041 2620; baseline 0.002 -16"><span class='ocrx_word' id='word_1_224' title='bbox 185 2551 272 2618; x_wconf 89' lang='lat' dir='ltr'><strong>atquc</strong></span> <span class='ocrx_word' id='word_1_225' title='bbox 295 2545 475 2618; x_wconf 84' lang='lat' dir='ltr'><strong>singulorum</strong></span> <span class='ocrx_word' id='word_1_226' title='bbox 497 2546 646 2606; x_wconf 90' lang='lat' dir='ltr'><strong>hominum</strong></span> <span class='ocrx_word' id='word_1_227' title='bbox 668 2547 699 2605; x_wconf 94' lang='lat' dir='ltr'><strong>in</strong></span> <span class='ocrx_word' id='word_1_228' title='bbox 722 2548 978 2620; x_wconf 79' lang='lat' dir='ltr'><strong>descriptionibus</strong></span> <span class='ocrx_word' id='word_1_229' title='bbox 1000 2579 1041 2589; x_wconf 86' lang='grc'>-</span> 
     </span>
    </p>
   </div>
   <div class='ocr_carea' id='block_1_5' title="bbox 441 2727 1100 2814">
    <p class='ocr_par' dir='ltr' id='par_1_5' title="bbox 441 2727 1100 2814">
     <span class='ocr_line' id='line_1_26' title="bbox 441 2727 1100 2814; baseline -0.003 -20"><span class='ocrx_word' id='word_1_230' title='bbox 441 2727 483 2794; x_wconf 87' lang='lat' dir='ltr'><strong>A.</strong></span> <span class='ocrx_word' id='word_1_231' title='bbox 515 2729 565 2794; x_wconf 80' lang='lat' dir='ltr'><strong>lle</strong></span> <span class='ocrx_word' id='word_1_232' title='bbox 588 2730 769 2798; x_wconf 88' lang='lat' dir='ltr'><strong>librorum</strong></span> <span class='ocrx_word' id='word_1_233' title='bbox 792 2729 1100 2814; x_wconf 75' lang='lat' dir='ltr'><strong>dispositionibus.</strong></span> 
     </span>
    </p>
   </div>
   <div class='ocr_carea' id='block_1_6' title="bbox 130 2849 1364 4301">
    <p class='ocr_par' dir='ltr' id='par_1_6' title="bbox 130 2849 1364 4301">
     <span class='ocr_line' id='line_1_27' title="bbox 271 2849 1362 2928; baseline -0.005 -15"><span class='ocrx_word' id='word_1_234' title='bbox 271 2853 439 2925; x_wconf 90' lang='lat' dir='ltr'><strong>Sallustius,</strong></span> <span class='ocrx_word' id='word_1_235' title='bbox 465 2853 636 2927; x_wconf 90' lang='lat' dir='ltr'><strong>priusquam</strong></span> <span class='ocrx_word' id='word_1_236' title='bbox 663 2855 820 2914; x_wconf 88' lang='lat' dir='ltr'><strong>‘historias&#39;</strong></span> <span class='ocrx_word' id='word_1_237' title='bbox 846 2873 920 2928; x_wconf 90' lang='lat' dir='ltr'><strong>opus</strong></span> <span class='ocrx_word' id='word_1_238' title='bbox 947 2851 1132 2928; x_wconf 87' lang='lat' dir='ltr'><strong>potissimum</strong></span> <span class='ocrx_word' id='word_1_239' title='bbox 1160 2849 1289 2910; x_wconf 89' lang='lat' dir='ltr'><strong>scribere</strong></span> <span class='ocrx_word' id='word_1_240' title='bbox 1311 2867 1362 2922; x_wconf 89' lang='lat' dir='ltr'><strong>ag-</strong></span> 
     </span>
     <span class='ocr_line' id='line_1_28' title="bbox 186 2937 1363 3014; baseline -0.003 -17"><span class='ocrx_word' id='word_1_241' title='bbox 186 2941 370 3012; x_wconf 89' lang='lat' dir='ltr'><strong>grederetur,</strong></span> <span class='ocrx_word' id='word_1_242' title='bbox 398 2957 417 2997; x_wconf 91' lang='lat' dir='ltr'><strong>a</strong></span> <span class='ocrx_word' id='word_1_243' title='bbox 441 2940 603 2999; x_wconf 91' lang='lat' dir='ltr'><strong>minoribus</strong></span> <span class='ocrx_word' id='word_1_244' title='bbox 630 2941 714 2999; x_wconf 90' lang='lat' dir='ltr'><strong>libris</strong></span> <span class='ocrx_word' id='word_1_245' title='bbox 742 2959 827 3000; x_wconf 89' lang='lat' dir='ltr'><strong>orsus</strong></span> <span class='ocrx_word' id='word_1_246' title='bbox 854 2941 925 3014; x_wconf 90' lang='lat' dir='ltr'><strong>quid</strong></span> <span class='ocrx_word' id='word_1_247' title='bbox 951 2941 982 2999; x_wconf 92' lang='lat' dir='ltr'><strong>in</strong></span> <span class='ocrx_word' id='word_1_248' title='bbox 1003 2937 1129 2998; x_wconf 90' lang='lat' dir='ltr'><strong>historia</strong></span> <span class='ocrx_word' id='word_1_249' title='bbox 1151 2937 1363 2996; x_wconf 88' lang='lat' dir='ltr'><strong>conscribenda</strong></span> 
     </span>
     <span class='ocr_line' id='line_1_29' title="bbox 185 3021 1363 3099; baseline -0.006 -14"><span class='ocrx_word' id='word_1_250' title='bbox 185 3030 296 3097; x_wconf 89' lang='lat' dir='ltr'><strong>posset,</strong></span> <span class='ocrx_word' id='word_1_251' title='bbox 328 3030 465 3099; x_wconf 90' lang='lat' dir='ltr'><strong>expertus</strong></span> <span class='ocrx_word' id='word_1_252' title='bbox 492 3030 544 3084; x_wconf 88' lang='lat' dir='ltr'><strong>est.</strong></span> <span class='ocrx_word' id='word_1_253' title='bbox 588 3027 690 3098; x_wconf 88' lang='lat' dir='ltr'><strong>Neque</strong></span> <span class='ocrx_word' id='word_1_254' title='bbox 716 3032 814 3086; x_wconf 81' lang='lat' dir='ltr'><strong>tarnmr</strong></span> <span class='ocrx_word' id='word_1_255' title='bbox 840 3027 871 3085; x_wconf 93' lang='lat' dir='ltr'><strong>in</strong></span> <span class='ocrx_word' id='word_1_256' title='bbox 894 3027 1020 3085; x_wconf 85' lang='lat' dir='ltr'><strong>Catilina</strong></span> <span class='ocrx_word' id='word_1_257' title='bbox 1048 3040 1140 3096; x_wconf 91' lang='lat' dir='ltr'><strong>neque</strong></span> <span class='ocrx_word' id='word_1_258' title='bbox 1167 3023 1198 3080; x_wconf 94' lang='lat' dir='ltr'><strong>in</strong></span> <span class='ocrx_word' id='word_1_259' title='bbox 1219 3021 1363 3091; x_wconf 90' lang='lat' dir='ltr'><strong>Iugurtha</strong></span> 
     </span>
     <span class='ocr_line' id='line_1_30' title="bbox 187 3106 1363 3184; baseline -0.003 -16"><span class='ocrx_word' id='word_1_260' title='bbox 187 3115 232 3168; x_wconf 90' lang='lat' dir='ltr'><strong>est</strong></span> <span class='ocrx_word' id='word_1_261' title='bbox 257 3128 325 3169; x_wconf 91' lang='lat' dir='ltr'><strong>vere</strong></span> <span class='ocrx_word' id='word_1_262' title='bbox 352 3112 510 3172; x_wconf 88' lang='lat' dir='ltr'><strong>historicus</strong></span> <span class='ocrx_word' id='word_1_263' title='bbox 534 3145 573 3154; x_wconf 91' lang='lat'>-</span> <span class='ocrx_word' id='word_1_264' title='bbox 599 3129 772 3184; x_wconf 90' lang='lat' dir='ltr'><strong>quamquam</strong></span> <span class='ocrx_word' id='word_1_265' title='bbox 798 3113 856 3171; x_wconf 90' lang='lat' dir='ltr'><strong>iam</strong></span> <span class='ocrx_word' id='word_1_266' title='bbox 879 3113 971 3184; x_wconf 92' lang='lat' dir='ltr'><strong>magis</strong></span> <span class='ocrx_word' id='word_1_267' title='bbox 993 3113 1024 3169; x_wconf 91' lang='lat' dir='ltr'><strong>in</strong></span> <span class='ocrx_word' id='word_1_268' title='bbox 1046 3111 1102 3168; x_wconf 91' lang='lat' dir='ltr'><strong>boo</strong></span> <span class='ocrx_word' id='word_1_269' title='bbox 1124 3109 1200 3167; x_wconf 91' lang='lat' dir='ltr'><strong>libro</strong></span> <span class='ocrx_word' id='word_1_270' title='bbox 1224 3124 1310 3180; x_wconf 89' lang='lat' dir='ltr'><strong>quam</strong></span> <span class='ocrx_word' id='word_1_271' title='bbox 1332 3106 1363 3164; x_wconf 92' lang='lat' dir='ltr'><strong>in</strong></span> 
     </span>
     <span class='ocr_line' id='line_1_31' title="bbox 130 3190 1363 3269; baseline -0.003 -16"><span class='ocrx_word' id='word_1_272' title='bbox 130 3190 134 3198; x_wconf 82' lang='grc'><strong>’</strong></span> <span class='ocrx_word' id='word_1_273' title='bbox 186 3197 236 3254; x_wconf 96' lang='lat' dir='ltr'><strong>illo</strong></span> <span class='ocrx_word' id='word_1_274' title='bbox 260 3199 375 3256; x_wconf 90' lang='lat' dir='ltr'><strong>-sed</strong></span> <span class='ocrx_word' id='word_1_275' title='bbox 401 3197 544 3256; x_wconf 92' lang='lat' dir='ltr'><strong>librorum</strong></span> <span class='ocrx_word' id='word_1_276' title='bbox 572 3199 744 3269; x_wconf 90' lang='lat' dir='ltr'><strong>compositio</strong></span> <span class='ocrx_word' id='word_1_277' title='bbox 772 3202 801 3256; x_wconf 93' lang='lat' dir='ltr'><strong>et</strong></span> <span class='ocrx_word' id='word_1_278' title='bbox 827 3198 981 3256; x_wconf 89' lang='lat' dir='ltr'><strong>exornatio</strong></span> <span class='ocrx_word' id='word_1_279' title='bbox 1003 3213 1101 3255; x_wconf 90' lang='lat' dir='ltr'><strong>rerum</strong></span> <span class='ocrx_word' id='word_1_280' title='bbox 1123 3198 1260 3265; x_wconf 87' lang='lat' dir='ltr'><strong>totusque</strong></span> <span class='ocrx_word' id='word_1_281' title='bbox 1283 3193 1363 3250; x_wconf 91' lang='lat' dir='ltr'><strong>color</strong></span> 
     </span>
     <span class='ocr_line' id='line_1_32' title="bbox 185 3279 1362 3355; baseline -0.003 -16"><span class='ocrx_word' id='word_1_282' title='bbox 185 3299 295 3339; x_wconf 92' lang='lat' dir='ltr'><strong>morem</strong></span> <span class='ocrx_word' id='word_1_283' title='bbox 318 3299 438 3353; x_wconf 91' lang='lat' dir='ltr'><strong>praese</strong></span> <span class='ocrx_word' id='word_1_284' title='bbox 460 3281 558 3341; x_wconf 89' lang='lat' dir='ltr'><strong>ferunt</strong></span> <span class='ocrx_word' id='word_1_285' title='bbox 579 3284 766 3341; x_wconf 88' lang='lat' dir='ltr'><strong>rhetoricum.</strong></span> <span class='ocrx_word' id='word_1_286' title='bbox 802 3283 932 3354; x_wconf 89' lang='lat' dir='ltr'><strong>Accedit,</strong></span> <span class='ocrx_word' id='word_1_287' title='bbox 955 3283 1034 3355; x_wconf 90' lang='lat' dir='ltr'><strong>quod</strong></span> <span class='ocrx_word' id='word_1_288' title='bbox 1057 3279 1274 3353; x_wconf 83' lang='lat' dir='ltr'><strong>egressionibus</strong></span> <span class='ocrx_word' id='word_1_289' title='bbox 1293 3295 1362 3336; x_wconf 92' lang='lat' dir='ltr'><strong>ora-</strong></span> 
     </span>
     <span class='ocr_line' id='line_1_33' title="bbox 185 3364 1363 3440; baseline -0.004 -15"><span class='ocrx_word' id='word_1_290' title='bbox 185 3367 372 3439; x_wconf 90' lang='lat' dir='ltr'><strong>tionibusque</strong></span> <span class='ocrx_word' id='word_1_291' title='bbox 394 3367 538 3426; x_wconf 77' lang='lat' dir='ltr'><strong>Catilinae</strong></span> <span class='ocrx_word' id='word_1_292' title='bbox 561 3368 677 3440; x_wconf 92' lang='lat' dir='ltr'><strong>quidem</strong></span> <span class='ocrx_word' id='word_1_293' title='bbox 699 3368 793 3427; x_wconf 91' lang='lat' dir='ltr'><strong>maior</strong></span> <span class='ocrx_word' id='word_1_294' title='bbox 814 3385 883 3439; x_wconf 93' lang='lat' dir='ltr'><strong>pars</strong></span> <span class='ocrx_word' id='word_1_295' title='bbox 906 3370 1048 3439; x_wconf 88' lang='lat' dir='ltr'><strong>expletur.</strong></span> <span class='ocrx_word' id='word_1_296' title='bbox 1083 3367 1157 3424; x_wconf 89' lang='lat' dir='ltr'><strong>Nam</strong></span> <span class='ocrx_word' id='word_1_297' title='bbox 1180 3364 1322 3437; x_wconf 89' lang='lat' dir='ltr'><strong>incipiens</strong></span> <span class='ocrx_word' id='word_1_298' title='bbox 1345 3380 1363 3420; x_wconf 92' lang='lat' dir='ltr'><strong>a</strong></span> 
     </span>
     <span class='ocr_line' id='line_1_34' title="bbox 185 3449 1363 3530; baseline -0.002 -22"><span class='ocrx_word' id='word_1_299' title='bbox 185 3452 340 3524; x_wconf 89' lang='lat' dir='ltr'><strong>principio,</strong></span> <span class='ocrx_word' id='word_1_300' title='bbox 363 3454 442 3524; x_wconf 93' lang='lat' dir='ltr'><strong>quod</strong></span> <span class='ocrx_word' id='word_1_301' title='bbox 465 3453 538 3513; x_wconf 90' lang='lat' dir='ltr'><strong>nihil</strong></span> <span class='ocrx_word' id='word_1_302' title='bbox 555 3455 593 3512; x_wconf 89' lang='lat' dir='ltr'><strong>ad</strong></span> <span class='ocrx_word' id='word_1_303' title='bbox 611 3454 765 3512; x_wconf 89' lang='lat' dir='ltr'><strong>historiam</strong></span> <span class='ocrx_word' id='word_1_304' title='bbox 784 3458 897 3526; x_wconf 90' lang='lat' dir='ltr'><strong>spectat</strong></span> <span class='ocrx_word' id='word_1_305' title='bbox 914 3451 946 3530; x_wconf 85' lang='lat' dir='ltr'><strong>(c.</strong></span> <span class='ocrx_word' id='word_1_306' title='bbox 967 3451 1066 3528; x_wconf 82' lang='lat'><strong>1-2),</strong></span> <span class='ocrx_word' id='word_1_307' title='bbox 1084 3455 1239 3524; x_wconf 92' lang='lat' dir='ltr'><strong>postquam</strong></span> <span class='ocrx_word' id='word_1_308' title='bbox 1258 3449 1363 3508; x_wconf 92' lang='lat' dir='ltr'><strong>deiude</strong></span> 
     </span>
     <span class='ocr_line' id='line_1_35' title="bbox 187 3533 1362 3616; baseline -0.005 -20"><span class='ocrx_word' id='word_1_309' title='bbox 187 3540 222 3596; x_wconf 90' lang='lat' dir='ltr'><strong>de</strong></span> <span class='ocrx_word' id='word_1_310' title='bbox 246 3553 277 3595; x_wconf 89' lang='lat' dir='ltr'><strong>so</strong></span> <span class='ocrx_word' id='word_1_311' title='bbox 303 3542 332 3596; x_wconf 92' lang='lat' dir='ltr'><strong>et</strong></span> <span class='ocrx_word' id='word_1_312' title='bbox 358 3538 484 3596; x_wconf 89' lang='lat' dir='ltr'><strong>historia</strong></span> <span class='ocrx_word' id='word_1_313' title='bbox 508 3539 541 3616; x_wconf 91' lang='lat' dir='ltr'><strong>(o.</strong></span> <span class='ocrx_word' id='word_1_314' title='bbox 565 3538 658 3615; x_wconf 87' lang='grc'>3-4)</span> <span class='ocrx_word' id='word_1_315' title='bbox 685 3539 824 3598; x_wconf 88' lang='lat' dir='ltr'><strong>disseruit</strong></span> <span class='ocrx_word' id='word_1_316' title='bbox 846 3538 1047 3610; x_wconf 89' lang='lat' dir='ltr'><strong>Catilinaeque</strong></span> <span class='ocrx_word' id='word_1_317' title='bbox 1073 3554 1179 3596; x_wconf 60' lang='lat' dir='ltr'><strong>mores.</strong></span> <span class='ocrx_word' id='word_1_318' title='bbox 1196 3533 1362 3593; x_wconf 88' lang='lat' dir='ltr'><strong>accuratius</strong></span> 
     </span>
     <span class='ocr_line' id='line_1_36' title="bbox 187 3618 1364 3698; baseline -0.005 -16"><span class='ocrx_word' id='word_1_319' title='bbox 187 3622 316 3682; x_wconf 88' lang='lat' dir='ltr'><strong>ostendit</strong></span> <span class='ocrx_word' id='word_1_320' title='bbox 336 3622 369 3698; x_wconf 90' lang='lat' dir='ltr'><strong>(o.</strong></span> <span class='ocrx_word' id='word_1_321' title='bbox 394 3623 435 3698; x_wconf 89' lang='lat'><strong>5),</strong></span> <span class='ocrx_word' id='word_1_322' title='bbox 461 3625 579 3696; x_wconf 88' lang='lat' dir='ltr'><strong>longam</strong></span> <span class='ocrx_word' id='word_1_323' title='bbox 601 3627 796 3696; x_wconf 86' lang='lat' dir='ltr'><strong>egressionem</strong></span> <span class='ocrx_word' id='word_1_324' title='bbox 819 3627 856 3683; x_wconf 91' lang='lat' dir='ltr'><strong>de</strong></span> <span class='ocrx_word' id='word_1_325' title='bbox 877 3624 1005 3683; x_wconf 86' lang='lat' dir='ltr'><strong>civitatis</strong></span> <span class='ocrx_word' id='word_1_326' title='bbox 1028 3623 1172 3693; x_wconf 92' lang='lat' dir='ltr'><strong>moribus,</strong></span> <span class='ocrx_word' id='word_1_327' title='bbox 1200 3618 1364 3678; x_wconf 90' lang='lat' dir='ltr'><strong>cuiusmodi</strong></span> 
     </span>
     <span class='ocr_line' id='line_1_37' title="bbox 185 3703 1363 3785; baseline -0.004 -19"><span class='ocrx_word' id='word_1_328' title='bbox 185 3709 254 3767; x_wconf 90' lang='lat' dir='ltr'><strong>inde</strong></span> <span class='ocrx_word' id='word_1_329' title='bbox 276 3725 295 3766; x_wconf 88' lang='lat' dir='ltr'><strong>a</strong></span> <span class='ocrx_word' id='word_1_330' title='bbox 316 3708 478 3780; x_wconf 91' lang='lat' dir='ltr'><strong>primordio</strong></span> <span class='ocrx_word' id='word_1_331' title='bbox 500 3711 582 3769; x_wconf 92' lang='lat' dir='ltr'><strong>urbis</strong></span> <span class='ocrx_word' id='word_1_332' title='bbox 604 3711 736 3782; x_wconf 81' lang='lat' dir='ltr'><strong>fuissent,</strong></span> <span class='ocrx_word' id='word_1_333' title='bbox 760 3710 894 3770; x_wconf 90' lang='lat' dir='ltr'><strong>adiunxit</strong></span> <span class='ocrx_word' id='word_1_334' title='bbox 913 3708 946 3785; x_wconf 89' lang='lat' dir='ltr'><strong>(c.</strong></span> <span class='ocrx_word' id='word_1_335' title='bbox 970 3707 1096 3783; x_wconf 81' lang='lat'>6-13):</span> <span class='ocrx_word' id='word_1_336' title='bbox 1118 3705 1283 3766; x_wconf 90' lang='lat' dir='ltr'><strong>narrationi</strong></span> <span class='ocrx_word' id='word_1_337' title='bbox 1305 3703 1363 3776; x_wconf 91' lang='lat' dir='ltr'><strong>ipsi</strong></span> 
     </span>
     <span class='ocr_line' id='line_1_38' title="bbox 186 3789 1364 3873; baseline -0.004 -21"><span class='ocrx_word' id='word_1_338' title='bbox 186 3794 310 3852; x_wconf 91' lang='lat' dir='ltr'><strong>inseruit</strong></span> <span class='ocrx_word' id='word_1_339' title='bbox 333 3795 482 3853; x_wconf 90' lang='lat' dir='ltr'><strong>orationes</strong></span> <span class='ocrx_word' id='word_1_340' title='bbox 505 3794 649 3855; x_wconf 79' lang='lat' dir='ltr'><strong>Catilinae</strong></span> <span class='ocrx_word' id='word_1_341' title='bbox 671 3799 744 3856; x_wconf 93' lang='lat' dir='ltr'><strong>duas</strong></span> <span class='ocrx_word' id='word_1_342' title='bbox 761 3795 794 3873; x_wconf 81' lang='lat' dir='ltr'><strong>(o.</strong></span> <span class='ocrx_word' id='word_1_343' title='bbox 815 3799 856 3855; x_wconf 81' lang='lat'><strong>20</strong></span> <span class='ocrx_word' id='word_1_344' title='bbox 873 3801 903 3854; x_wconf 89' lang='lat' dir='ltr'><strong>et</strong></span> <span class='ocrx_word' id='word_1_345' title='bbox 920 3813 943 3854; x_wconf 91' lang='lat' dir='ltr'><strong>o.</strong></span> <span class='ocrx_word' id='word_1_346' title='bbox 963 3794 1013 3870; x_wconf 80' lang='lat'><strong>58)</strong></span> <span class='ocrx_word' id='word_1_347' title='bbox 1031 3793 1103 3852; x_wconf 90' lang='lat' dir='ltr'><strong>satis</strong></span> <span class='ocrx_word' id='word_1_348' title='bbox 1121 3794 1224 3863; x_wconf 88' lang='lat' dir='ltr'><strong>longas</strong></span> <span class='ocrx_word' id='word_1_349' title='bbox 1243 3796 1272 3848; x_wconf 89' lang='lat' dir='ltr'><strong>et</strong></span> <span class='ocrx_word' id='word_1_350' title='bbox 1291 3789 1364 3848; x_wconf 90' lang='lat' dir='ltr'><strong>Cae·</strong></span> 
     </span>
     <span class='ocr_line' id='line_1_39' title="bbox 187 3877 1364 3964; baseline -0.003 -26"><span class='ocrx_word' id='word_1_351' title='bbox 187 3879 261 3938; x_wconf 88' lang='lat' dir='ltr'><strong>saris</strong></span> <span class='ocrx_word' id='word_1_352' title='bbox 289 3884 376 3952; x_wconf 89' lang='lat' dir='ltr'><strong>atque</strong></span> <span class='ocrx_word' id='word_1_353' title='bbox 399 3878 519 3938; x_wconf 90' lang='lat' dir='ltr'><strong>Catonis</strong></span> <span class='ocrx_word' id='word_1_354' title='bbox 546 3883 762 3953; x_wconf 90' lang='lat' dir='ltr'><strong>copiosissimas</strong></span> <span class='ocrx_word' id='word_1_355' title='bbox 787 3881 821 3957; x_wconf 90' lang='lat' dir='ltr'><strong>(c.</strong></span> <span class='ocrx_word' id='word_1_356' title='bbox 843 3883 883 3940; x_wconf 85' lang='lat'><strong>51</strong></span> <span class='ocrx_word' id='word_1_357' title='bbox 896 3885 941 3964; x_wconf 49' lang='lat' dir='ltr'><strong>‚et</strong></span> <span class='ocrx_word' id='word_1_358' title='bbox 963 3899 986 3939; x_wconf 91' lang='lat' dir='ltr'><strong>o.</strong></span> <span class='ocrx_word' id='word_1_359' title='bbox 1010 3878 1069 3954; x_wconf 81' lang='lat'><strong>52).</strong></span> <span class='ocrx_word' id='word_1_360' title='bbox 1091 3912 1131 3920; x_wconf 97' lang='lat'>—</span> <span class='ocrx_word' id='word_1_361' title='bbox 1156 3878 1219 3936; x_wconf 89' lang='lat' dir='ltr'><strong>Iam</strong></span> <span class='ocrx_word' id='word_1_362' title='bbox 1240 3893 1309 3935; x_wconf 91' lang='lat' dir='ltr'><strong>vero</strong></span> <span class='ocrx_word' id='word_1_363' title='bbox 1333 3877 1364 3934; x_wconf 92' lang='lat' dir='ltr'><strong>in</strong></span> 
     </span>
     <span class='ocr_line' id='line_1_40' title="bbox 186 3962 1364 4044; baseline -0.002 -22"><span class='ocrx_word' id='word_1_364' title='bbox 186 3965 330 4036; x_wconf 87' lang='lat' dir='ltr'><strong>Iugurtha</strong></span> <span class='ocrx_word' id='word_1_365' title='bbox 351 3964 527 4037; x_wconf 90' lang='lat' dir='ltr'><strong>principium</strong></span> <span class='ocrx_word' id='word_1_366' title='bbox 548 3964 582 4044; x_wconf 87' lang='lat' dir='ltr'><strong>(o.</strong></span> <span class='ocrx_word' id='word_1_367' title='bbox 602 3966 694 4042; x_wconf 83' lang='grc'>1-4)</span> <span class='ocrx_word' id='word_1_368' title='bbox 715 3985 774 4026; x_wconf 92' lang='lat' dir='ltr'><strong>non</strong></span> <span class='ocrx_word' id='word_1_369' title='bbox 796 3968 918 4026; x_wconf 91' lang='lat' dir='ltr'><strong>multum</strong></span> <span class='ocrx_word' id='word_1_370' title='bbox 940 3984 959 4025; x_wconf 91' lang='lat' dir='ltr'><strong>a</strong></span> <span class='ocrx_word' id='word_1_371' title='bbox 976 3965 1126 4039; x_wconf 89' lang='lat' dir='ltr'><strong>prooemio</strong></span> <span class='ocrx_word' id='word_1_372' title='bbox 1145 3962 1289 4021; x_wconf 90' lang='lat' dir='ltr'><strong>Catilinae</strong></span> <span class='ocrx_word' id='word_1_373' title='bbox 1311 3962 1364 4020; x_wconf 89' lang='lat' dir='ltr'><strong>ab·</strong></span> 
     </span>
     <span class='ocr_line' id='line_1_41' title="bbox 186 4049 1364 4123; baseline -0.003 -14"><span class='ocrx_word' id='word_1_374' title='bbox 186 4052 308 4109; x_wconf 89' lang='lat' dir='ltr'><strong>horrere</strong></span> <span class='ocrx_word' id='word_1_375' title='bbox 330 4052 388 4109; x_wconf 92' lang='lat' dir='ltr'><strong>iam</strong></span> <span class='ocrx_word' id='word_1_376' title='bbox 406 4051 572 4110; x_wconf 86' lang='lat' dir='ltr'><strong>Eussnerus</strong></span> <span class='ocrx_word' id='word_1_377' title='bbox 594 4053 715 4112; x_wconf 84' lang='lat' dir='ltr'><strong>&#39;monuit</strong></span> <span class='ocrx_word' id='word_1_378' title='bbox 750 4053 857 4112; x_wconf 85' lang='lat' dir='ltr'><strong>Rerum</strong></span> <span class='ocrx_word' id='word_1_379' title='bbox 880 4053 979 4111; x_wconf 88' lang='lat' dir='ltr'><strong>cursui</strong></span> <span class='ocrx_word' id='word_1_380' title='bbox 1001 4049 1193 4123; x_wconf 88' lang='lat' dir='ltr'><strong>interpositae</strong></span> <span class='ocrx_word' id='word_1_381' title='bbox 1211 4053 1279 4107; x_wconf 90' lang='lat' dir='ltr'><strong>sunt</strong></span> <span class='ocrx_word' id='word_1_382' title='bbox 1298 4064 1364 4106; x_wconf 93' lang='lat' dir='ltr'><strong>ora·</strong></span> 
     </span>
     <span class='ocr_line' id='line_1_42' title="bbox 187 4133 1364 4213; baseline -0.003 -20"><span class='ocrx_word' id='word_1_383' title='bbox 187 4137 282 4194; x_wconf 85' lang='lat' dir='ltr'><strong>tiones</strong></span> <span class='ocrx_word' id='word_1_384' title='bbox 312 4137 456 4208; x_wconf 87' lang='lat' dir='ltr'><strong>Micipsae</strong></span> <span class='ocrx_word' id='word_1_385' title='bbox 485 4136 518 4211; x_wconf 81' lang='lat' dir='ltr'><strong>(c.</strong></span> <span class='ocrx_word' id='word_1_386' title='bbox 547 4137 596 4213; x_wconf 89' lang='lat'><strong>10)</strong></span> <span class='ocrx_word' id='word_1_387' title='bbox 627 4143 656 4196; x_wconf 92' lang='lat' dir='ltr'><strong>et</strong></span> <span class='ocrx_word' id='word_1_388' title='bbox 687 4139 864 4197; x_wconf 89' lang='lat' dir='ltr'><strong>Adherbalis</strong></span> <span class='ocrx_word' id='word_1_389' title='bbox 890 4137 923 4206; x_wconf 83' lang='lat' dir='ltr'><strong>(o.</strong></span> <span class='ocrx_word' id='word_1_390' title='bbox 952 4135 1001 4212; x_wconf 87' lang='grc'><strong>14)</strong></span> <span class='ocrx_word' id='word_1_391' title='bbox 1033 4137 1219 4206; x_wconf 89' lang='lat' dir='ltr'><strong>eiusdemque</strong></span> <span class='ocrx_word' id='word_1_392' title='bbox 1246 4133 1364 4190; x_wconf 85' lang='lat' dir='ltr'><strong>litterae</strong></span> 
     </span>
     <span class='ocr_line' id='line_1_43' title="bbox 187 4219 1363 4301; baseline -0.002 -23"><span class='ocrx_word' id='word_1_393' title='bbox 187 4219 221 4296; x_wconf 86' lang='lat' dir='ltr'><strong>(c.</strong></span> <span class='ocrx_word' id='word_1_394' title='bbox 245 4219 303 4296; x_wconf 84' lang='lat'><strong>24),</strong></span> <span class='ocrx_word' id='word_1_395' title='bbox 326 4223 431 4282; x_wconf 89' lang='lat' dir='ltr'><strong>deinde</strong></span> <span class='ocrx_word' id='word_1_396' title='bbox 453 4223 583 4294; x_wconf 86' lang='lat' dir='ltr'><strong>egressio</strong></span> <span class='ocrx_word' id='word_1_397' title='bbox 607 4221 643 4282; x_wconf 90' lang='lat' dir='ltr'><strong>de</strong></span> <span class='ocrx_word' id='word_1_398' title='bbox 664 4223 723 4282; x_wconf 92' lang='lat' dir='ltr'><strong>situ</strong></span> <span class='ocrx_word' id='word_1_399' title='bbox 740 4223 859 4283; x_wconf 88' lang='lat' dir='ltr'><strong>Africae</strong></span> <span class='ocrx_word' id='word_1_400' title='bbox 879 4223 914 4301; x_wconf 87' lang='lat' dir='ltr'><strong>(c.</strong></span> <span class='ocrx_word' id='word_1_401' title='bbox 938 4220 1072 4297; x_wconf 81' lang='grc'>17-19)</span> <span class='ocrx_word' id='word_1_402' title='bbox 1093 4225 1123 4279; x_wconf 89' lang='lat' dir='ltr'><strong>et</strong></span> <span class='ocrx_word' id='word_1_403' title='bbox 1140 4219 1270 4278; x_wconf 89' lang='lat' dir='ltr'><strong>Memmii</strong></span> <span class='ocrx_word' id='word_1_404' title='bbox 1294 4235 1363 4277; x_wconf 91' lang='lat' dir='ltr'><strong>cou-</strong></span> 
     </span>
    </p>
   </div>
   <div class='ocr_carea' id='block_1_7' title="bbox 259 4372 852 4440">
    <p class='ocr_par' dir='ltr' id='par_1_7' title="bbox 259 4372 852 4440">
     <span class='ocr_line' id='line_1_44' title="bbox 259 4372 852 4440; baseline 0.008 -18"><span class='ocrx_word' id='word_1_405' title='bbox 259 4374 279 4438; x_wconf 85' lang='grc'><strong>1)</strong></span> <span class='ocrx_word' id='word_1_406' title='bbox 298 4375 342 4428; x_wconf 79' lang='lat' dir='ltr'><strong>oh.</strong></span> <span class='ocrx_word' id='word_1_407' title='bbox 361 4375 466 4439; x_wconf 85' lang='lat' dir='ltr'><strong>Madvig</strong></span> <span class='ocrx_word' id='word_1_408' title='bbox 483 4374 516 4424; x_wconf 91' lang='lat' dir='ltr'><strong>de</strong></span> <span class='ocrx_word' id='word_1_409' title='bbox 534 4373 575 4426; x_wconf 87' lang='lat' dir='ltr'><strong>fin.</strong></span> <span class='ocrx_word' id='word_1_410' title='bbox 593 4372 686 4434; x_wconf 82' lang='lat' dir='ltr'><strong>xxul,</strong></span> <span class='ocrx_word' id='word_1_411' title='bbox 705 4372 738 4426; x_wconf 87' lang='grc'><strong>75</strong></span> <span class='ocrx_word' id='word_1_412' title='bbox 756 4391 781 4440; x_wconf 93' lang='lat' dir='ltr'><strong>p.</strong></span> <span class='ocrx_word' id='word_1_413' title='bbox 794 4375 852 4427; x_wconf 80' lang='lat'><strong>268.</strong></span> 
     </span>
    </p>
   </div>
   <div class='ocr_carea' id='block_1_8' title="bbox 0 0 1590 4862">
    <p class='ocr_par' dir='ltr' id='par_1_8' title="bbox 0 0 1590 4862">
     <span class='ocr_line' id='line_1_45' title="bbox 0 0 1590 4862; baseline 0 0"><span class='ocrx_word' id='word_1_414' title='bbox 0 0 1590 4862; x_wconf 95' lang='lat' dir='ltr'><strong> </strong></span> 
     </span>
    </p>
   </div>
  </div>
 </body>
</html>
